成交时间,成交价格,价格变动,成交量,成交金额,性质
09:25:03,18.76,0.0,4664,8749664,卖盘
09:30:00,18.78,0.02,60,112657,买盘
09:30:03,18.76,-0.02,707,1327567,卖盘
09:30:06,18.77,0.01,657,1233449,中性盘
09:30:09,18.8,0.03,2706,5079091,买盘
09:30:12,18.81,0.01,1080,2029955,买盘
09:30:15,18.82,0.01,703,1323089,买盘
09:30:18,18.81,-0.01,1441,2710764,卖盘
09:30:21,18.85,0.04,771,1450247,买盘
09:30:24,18.84,-0.01,632,1189987,中性盘
09:30:27,18.85,0.01,677,1275038,买盘
09:30:30,18.85,0.0,822,1549397,买盘
09:30:33,18.88,0.03,1175,2215116,买盘
09:30:36,18.91,0.03,1063,2008005,买盘
09:30:39,18.91,0.0,706,1335157,买盘
09:30:42,18.92,0.01,1160,2195285,买盘
09:30:45,18.94,0.02,1386,2623901,买盘
09:30:48,18.94,0.0,548,1038032,卖盘
09:30:51,18.94,0.0,1403,2656741,卖盘
09:30:54,18.94,0.0,1329,2516069,买盘
09:30:57,18.95,0.01,2576,4879705,买盘
09:31:00,18.96,0.01,447,847359,买盘
09:31:03,18.96,0.0,1316,2495586,卖盘
09:31:06,18.96,0.0,677,1283757,卖盘
09:31:09,18.96,0.0,1212,2298347,卖盘
09:31:12,18.96,0.0,1659,3145433,买盘
09:31:15,18.94,-0.02,1865,3534766,卖盘
09:31:18,18.96,0.02,1198,2268140,买盘
09:31:21,18.92,-0.04,399,755438,卖盘
09:31:24,18.93,0.01,668,1264526,买盘
09:31:27,18.92,-0.01,877,1660297,卖盘
09:31:30,18.92,0.0,1563,2959398,卖盘
09:31:33,18.93,0.01,941,1781556,买盘
09:31:36,18.95,0.02,783,1483335,买盘
09:31:39,18.96,0.01,2645,5014836,买盘
09:31:42,18.97,0.01,973,1845668,买盘
09:31:45,18.98,0.01,1756,3331718,买盘
09:31:48,18.98,0.0,648,1229814,买盘
09:31:51,18.95,-0.03,988,1874572,卖盘
09:31:54,18.95,0.0,507,961921,卖盘
09:31:57,18.95,0.0,706,1339317,卖盘
09:32:00,18.96,0.01,558,1057661,买盘
09:32:03,18.96,0.0,231,437865,买盘
09:32:06,18.96,0.0,609,1154155,买盘
09:32:09,18.95,-0.01,1332,2524847,卖盘
09:32:12,18.93,-0.02,686,1299777,卖盘
09:32:15,18.94,0.01,933,1766775,买盘
09:32:18,18.93,-0.01,946,1790880,卖盘
09:32:21,18.93,0.0,498,942623,买盘
09:32:24,18.92,-0.01,448,847632,卖盘
09:32:27,18.92,0.0,176,332888,买盘
09:32:30,18.91,-0.01,353,667591,卖盘
09:32:33,18.91,0.0,485,916920,买盘
09:32:36,18.92,0.01,1335,2525295,买盘
09:32:39,18.92,0.0,1112,2104606,卖盘
09:32:42,18.93,0.01,433,819309,中性盘
09:32:45,18.94,0.01,358,677685,买盘
09:32:48,18.93,-0.01,202,382333,中性盘
09:32:51,18.93,0.0,244,461827,买盘
09:32:54,18.92,-0.01,324,613219,卖盘
09:32:57,18.93,0.01,195,369093,中性盘
09:33:00,18.92,-0.01,387,732685,卖盘
09:33:03,18.94,0.02,565,1069674,买盘
09:33:06,18.93,-0.01,1287,2435490,中性盘
09:33:09,18.94,0.01,1756,3324455,买盘
09:33:12,18.94,0.0,474,897675,卖盘
09:33:15,18.94,0.0,361,683711,卖盘
09:33:18,18.94,0.0,114,215929,买盘
09:33:21,18.93,-0.01,293,554658,卖盘
09:33:24,18.93,0.0,474,896883,买盘
09:33:27,18.93,0.0,259,490184,买盘
09:33:30,18.93,0.0,337,637899,卖盘
09:33:33,18.92,-0.01,200,378495,卖盘
09:33:36,18.93,0.01,334,631748,买盘
09:33:39,18.93,0.0,407,770338,买盘
09:33:42,18.93,0.0,312,590351,买盘
09:33:45,18.93,0.0,169,319801,买盘
09:33:48,18.93,0.0,406,768255,买盘
09:33:51,18.92,-0.01,586,1108728,卖盘
09:33:54,18.93,0.01,773,1462726,买盘
09:33:57,18.93,0.0,649,1228294,买盘
09:34:00,18.93,0.0,419,792971,买盘
09:34:03,18.94,0.01,935,1769967,买盘
09:34:06,18.93,-0.01,230,434858,卖盘
09:34:09,18.93,0.0,220,416393,买盘
09:34:12,18.92,-0.01,970,1835687,卖盘
09:34:15,18.93,0.01,154,291455,买盘
09:34:18,18.92,-0.01,130,246020,卖盘
09:34:21,18.92,0.0,533,1008479,卖盘
09:34:24,18.91,-0.01,159,300729,卖盘
09:34:27,18.91,0.0,499,943583,卖盘
09:34:30,18.9,-0.01,524,990523,卖盘
09:34:33,18.9,0.0,539,1018891,卖盘
09:34:36,18.9,0.0,512,968166,卖盘
09:34:39,18.9,0.0,722,1364696,卖盘
09:34:42,18.9,0.0,449,848769,卖盘
09:34:45,18.9,0.0,176,332550,买盘
09:34:48,18.9,0.0,252,476169,买盘
09:34:51,18.9,0.0,434,820025,买盘
09:34:54,18.9,0.0,1133,2141533,买盘
09:34:57,18.9,0.0,398,751866,卖盘
09:35:00,18.9,0.0,186,351577,卖盘
09:35:03,18.92,0.02,671,1268558,买盘
09:35:06,18.9,-0.02,226,427298,卖盘
09:35:09,18.9,0.0,341,644504,卖盘
09:35:12,18.9,0.0,223,421417,买盘
09:35:15,18.9,0.0,397,750069,买盘
09:35:18,18.89,-0.01,136,257006,卖盘
09:35:21,18.89,0.0,233,440203,卖盘
09:35:24,18.88,-0.01,40,75548,卖盘
09:35:27,18.88,0.0,248,468277,卖盘
09:35:30,18.88,0.0,348,657076,卖盘
09:35:33,18.88,0.0,210,396400,买盘
09:35:36,18.87,-0.01,390,736104,卖盘
09:35:39,18.87,0.0,622,1173351,卖盘
09:35:42,18.87,0.0,155,292477,买盘
09:35:45,18.89,0.02,3341,6308800,买盘
09:35:48,18.89,0.0,283,534662,卖盘
09:35:51,18.9,0.01,85,160576,买盘
09:35:54,18.89,-0.01,306,578014,卖盘
09:35:57,18.89,0.0,122,230494,买盘
09:36:00,18.88,-0.01,241,455008,卖盘
09:36:03,18.87,-0.01,202,381466,卖盘
09:36:06,18.87,0.0,172,324662,卖盘
09:36:09,18.87,0.0,355,669966,卖盘
09:36:12,18.88,0.01,136,256663,买盘
09:36:15,18.88,0.0,302,569952,买盘
09:36:18,18.88,0.0,94,177415,买盘
09:36:21,18.88,0.0,513,968395,买盘
09:36:24,18.88,0.0,362,683315,买盘
09:36:27,18.88,0.0,2457,4634683,买盘
09:36:30,18.88,0.0,340,641771,买盘
09:36:33,18.88,0.0,162,305846,买盘
09:36:36,18.88,0.0,371,700328,卖盘
09:36:39,18.87,-0.01,206,388877,卖盘
09:36:42,18.87,0.0,513,968444,买盘
09:36:45,18.87,0.0,131,247227,卖盘
09:36:48,18.86,-0.01,333,628399,卖盘
09:36:51,18.87,0.01,797,1504910,中性盘
09:36:54,18.87,0.0,375,707748,卖盘
09:36:57,18.88,0.01,694,1310040,买盘
09:37:00,18.88,0.0,1618,3051791,卖盘
09:37:03,18.88,0.0,1459,2754548,买盘
09:37:06,18.88,0.0,214,404025,卖盘
09:37:09,18.88,0.0,51,96276,买盘
09:37:12,18.88,0.0,268,505773,买盘
09:37:15,18.87,-0.01,288,543456,卖盘
09:37:18,18.87,0.0,234,441439,买盘
09:37:21,18.87,0.0,243,458486,买盘
09:37:24,18.86,-0.01,402,758378,卖盘
09:37:27,18.86,0.0,399,752591,卖盘
09:37:30,18.86,0.0,608,1147072,卖盘
09:37:33,18.86,0.0,1088,2051207,买盘
09:37:36,18.86,0.0,137,258416,卖盘
09:37:39,18.86,0.0,120,226358,买盘
09:37:42,18.85,-0.01,1122,2115172,卖盘
09:37:45,18.87,0.02,196,369692,买盘
09:37:48,18.87,0.0,629,1186244,买盘
09:37:51,18.86,-0.01,2009,3789781,卖盘
09:37:54,18.87,0.01,786,1482899,买盘
09:37:57,18.87,0.0,299,564061,买盘
09:38:00,18.86,-0.01,355,669606,卖盘
09:38:03,18.86,0.0,670,1263883,中性盘
09:38:06,18.86,0.0,362,682627,卖盘
09:38:09,18.86,0.0,314,592086,买盘
09:38:12,18.85,-0.01,455,857867,卖盘
09:38:15,18.85,0.0,672,1266862,卖盘
09:38:18,18.86,0.01,288,543029,买盘
09:38:21,18.86,0.0,354,667323,买盘
09:38:24,18.86,0.0,369,695617,买盘
09:38:27,18.85,-0.01,252,475020,买盘
09:38:30,18.85,0.0,263,495715,买盘
09:38:33,18.85,0.0,217,408897,买盘
09:38:36,18.84,-0.01,616,1160962,卖盘
09:38:39,18.84,0.0,340,640688,卖盘
09:38:42,18.85,0.01,223,420200,买盘
09:38:45,18.84,-0.01,373,702725,卖盘
09:38:48,18.84,0.0,107,201588,买盘
09:38:51,18.83,-0.01,221,416203,卖盘
09:38:54,18.84,0.01,201,378552,买盘
09:38:57,18.83,-0.01,131,246672,卖盘
09:39:00,18.83,0.0,116,218427,买盘
09:39:03,18.83,0.0,454,854836,买盘
09:39:06,18.83,0.0,467,879426,卖盘
09:39:09,18.83,0.0,405,762559,卖盘
09:39:12,18.82,-0.01,554,1042765,卖盘
09:39:15,18.83,0.01,158,297406,买盘
09:39:18,18.82,-0.01,626,1178142,卖盘
09:39:21,18.81,-0.01,1318,2479201,卖盘
09:39:24,18.8,-0.01,263,494518,卖盘
09:39:27,18.8,0.0,324,609181,卖盘
09:39:30,18.81,0.01,842,1583312,买盘
09:39:33,18.8,-0.01,1029,1934558,卖盘
09:39:36,18.79,-0.01,82,154145,卖盘
09:39:39,18.8,0.01,214,402162,买盘
09:39:42,18.79,-0.01,342,642648,卖盘
09:39:45,18.78,-0.01,368,691249,卖盘
09:39:48,18.79,0.01,351,659251,买盘
09:39:51,18.78,-0.01,530,995321,卖盘
09:39:54,18.78,0.0,151,283480,买盘
09:39:57,18.77,-0.01,1369,2569839,卖盘
09:40:00,18.77,0.0,490,919950,卖盘
09:40:03,18.78,0.01,1932,3628491,买盘
09:40:06,18.78,0.0,576,1081878,卖盘
09:40:09,18.79,0.01,216,405776,买盘
09:40:12,18.78,-0.01,955,1793136,卖盘
09:40:15,18.78,0.0,267,501378,买盘
09:40:18,18.79,0.01,505,948443,买盘
09:40:21,18.78,-0.01,153,287359,卖盘
09:40:24,18.78,0.0,255,479068,卖盘
09:40:27,18.8,0.02,517,971217,买盘
09:40:30,18.8,0.0,81,152216,买盘
09:40:33,18.8,0.0,353,663301,买盘
09:40:36,18.8,0.0,188,353391,买盘
09:40:39,18.8,0.0,544,1022577,买盘
09:40:42,18.79,-0.01,525,986752,卖盘
09:40:45,18.79,0.0,434,815284,卖盘
09:40:48,18.8,0.01,446,838788,卖盘
09:40:51,18.82,0.02,486,913741,买盘
09:40:54,18.8,-0.02,299,562493,卖盘
09:40:57,18.8,0.0,193,362925,卖盘
09:41:00,18.81,0.01,603,1133906,买盘
09:41:03,18.81,0.0,402,756079,买盘
09:41:06,18.81,0.0,421,791900,卖盘
09:41:09,18.82,0.01,473,889771,买盘
09:41:12,18.82,0.0,187,351798,买盘
09:41:15,18.82,0.0,398,749402,卖盘
09:41:18,18.82,0.0,754,1419715,卖盘
09:41:21,18.85,0.03,157,295778,买盘
09:41:24,18.85,0.0,624,1175468,买盘
09:41:27,18.85,0.0,267,503177,买盘
09:41:30,18.85,0.0,596,1122979,买盘
09:41:33,18.85,0.0,194,365714,卖盘
09:41:36,18.87,0.02,927,1747856,买盘
09:41:39,18.87,0.0,143,269713,买盘
09:41:42,18.87,0.0,183,345286,买盘
09:41:45,18.87,0.0,779,1469816,买盘
09:41:48,18.88,0.01,229,432114,买盘
09:41:51,18.87,-0.01,648,1222696,卖盘
09:41:54,18.88,0.01,460,868315,买盘
09:41:57,18.88,0.0,103,194438,买盘
09:42:00,18.88,0.0,323,609846,买盘
09:42:03,18.89,0.01,231,436296,买盘
09:42:06,18.88,-0.01,816,1540623,卖盘
09:42:09,18.87,-0.01,1074,2026922,卖盘
09:42:12,18.85,-0.02,6276,11830518,卖盘
09:42:15,18.85,0.0,266,501561,买盘
09:42:18,18.85,0.0,525,988903,买盘
09:42:21,18.84,-0.01,324,610724,中性盘
09:42:24,18.83,-0.01,61,114900,卖盘
09:42:27,18.83,0.0,235,442692,卖盘
09:42:30,18.83,0.0,165,310743,卖盘
09:42:33,18.82,-0.01,375,706085,卖盘
09:42:36,18.84,0.02,267,502838,买盘
09:42:39,18.83,-0.01,228,429322,买盘
09:42:42,18.83,0.0,823,1549162,卖盘
09:42:45,18.84,0.01,87,163872,买盘
09:42:48,18.83,-0.01,31,58393,卖盘
09:42:51,18.83,0.0,314,591274,卖盘
09:42:54,18.83,0.0,148,278735,卖盘
09:42:57,18.82,-0.01,508,956565,卖盘
09:43:00,18.84,0.02,218,410614,买盘
09:43:03,18.83,-0.01,674,1269410,中性盘
09:43:06,18.84,0.01,198,372898,买盘
09:43:09,18.83,-0.01,328,617646,卖盘
09:43:12,18.84,0.01,670,1261705,买盘
09:43:15,18.84,0.0,565,1064454,买盘
09:43:18,18.84,0.0,120,226077,买盘
09:43:21,18.84,0.0,289,544448,卖盘
09:43:24,18.83,-0.01,116,218539,卖盘
09:43:27,18.83,0.0,387,728729,卖盘
09:43:30,18.83,0.0,262,493464,买盘
09:43:33,18.83,0.0,225,423583,买盘
09:43:36,18.84,0.01,592,1114747,买盘
09:43:39,18.84,0.0,246,463311,买盘
09:43:42,18.84,0.0,141,265620,买盘
09:43:45,18.84,0.0,174,327768,买盘
09:43:48,18.84,0.0,126,237357,买盘
09:43:51,18.83,-0.01,178,335316,卖盘
09:43:54,18.84,0.01,227,427824,卖盘
09:43:57,18.84,0.0,217,408880,卖盘
09:44:00,18.83,-0.01,996,1876559,卖盘
09:44:03,18.84,0.01,190,357886,买盘
09:44:06,18.84,0.0,76,143156,买盘
09:44:09,18.83,-0.01,940,1770751,卖盘
09:44:12,18.83,0.0,254,478351,卖盘
09:44:15,18.83,0.0,292,549901,卖盘
09:44:18,18.84,0.01,382,719444,买盘
09:44:21,18.83,-0.01,192,361541,卖盘
09:44:24,18.83,0.0,102,192063,买盘
09:44:27,18.82,-0.01,186,350229,卖盘
09:44:30,18.82,0.0,897,1688181,卖盘
09:44:33,18.82,0.0,106,199665,卖盘
09:44:36,18.82,0.0,104,195728,买盘
09:44:39,18.81,-0.01,219,412071,卖盘
09:44:42,18.82,0.01,205,385655,买盘
09:44:45,18.82,0.0,296,556836,买盘
09:44:48,18.82,0.0,704,1324735,买盘
09:44:51,18.82,0.0,99,186381,卖盘
09:44:54,18.82,0.0,262,493126,卖盘
09:44:57,18.83,0.01,324,610020,买盘
09:45:00,18.83,0.0,174,327551,买盘
09:45:03,18.83,0.0,477,898396,买盘
09:45:06,18.82,-0.01,114,214616,卖盘
09:45:09,18.83,0.01,78,146885,买盘
09:45:12,18.83,0.0,213,400992,买盘
09:45:15,18.83,0.0,256,482011,买盘
09:45:18,18.83,0.0,231,434973,卖盘
09:45:21,18.83,0.0,967,1820840,卖盘
09:45:24,18.83,0.0,143,269239,买盘
09:45:27,18.83,0.0,88,165700,买盘
09:45:30,18.83,0.0,161,303106,买盘
09:45:33,18.82,-0.01,503,946689,卖盘
09:45:36,18.83,0.01,1229,2314192,买盘
09:45:39,18.83,0.0,332,625000,卖盘
09:45:42,18.83,0.0,273,513957,卖盘
09:45:45,18.83,0.0,34,64022,买盘
09:45:48,18.83,0.0,127,239116,买盘
09:45:51,18.83,0.0,69,129895,买盘
09:45:54,18.83,0.0,437,822292,买盘
09:45:57,18.83,0.0,193,363386,买盘
09:46:00,18.83,0.0,62,116746,卖盘
09:46:03,18.84,0.01,98,184548,买盘
09:46:06,18.83,-0.01,168,316439,卖盘
09:46:09,18.85,0.02,1850,3485391,买盘
09:46:12,18.85,0.0,240,452354,买盘
09:46:15,18.85,0.0,215,405192,买盘
09:46:18,18.85,0.0,43,81073,卖盘
09:46:21,18.85,0.0,484,912380,卖盘
09:46:24,18.86,0.01,370,697802,买盘
09:46:27,18.86,0.0,110,207513,卖盘
09:46:30,18.87,0.01,144,271671,买盘
09:46:33,18.87,0.0,133,250920,买盘
09:46:36,18.87,0.0,165,311307,买盘
09:46:39,18.87,0.0,459,866165,买盘
09:46:42,18.87,0.0,177,334020,卖盘
09:46:45,18.87,0.0,247,466220,卖盘
09:46:48,18.88,0.01,249,469950,买盘
09:46:51,18.88,0.0,344,649443,买盘
09:46:54,18.89,0.01,4867,9193825,买盘
09:46:57,18.91,0.02,709,1340185,买盘
09:47:00,18.91,0.0,222,419989,卖盘
09:47:03,18.93,0.02,951,1798992,买盘
09:47:06,18.91,-0.02,1133,2141713,中性盘
09:47:09,18.91,0.0,557,1053082,买盘
09:47:12,18.9,-0.01,449,849000,中性盘
09:47:15,18.9,0.0,2820,5332443,中性盘
09:47:18,18.89,-0.01,102,192727,买盘
09:47:21,18.89,0.0,180,339965,买盘
09:47:24,18.88,-0.01,321,606321,卖盘
09:47:27,18.88,0.0,324,611768,卖盘
09:47:30,18.89,0.01,185,349424,买盘
09:47:33,18.89,0.0,330,623293,买盘
09:47:36,18.89,0.0,156,294582,买盘
09:47:39,18.89,0.0,167,315438,买盘
09:47:42,18.89,0.0,144,271974,买盘
09:47:45,18.89,0.0,365,689480,卖盘
09:47:48,18.89,0.0,139,262559,买盘
09:47:51,18.89,0.0,168,317267,买盘
09:47:54,18.89,0.0,294,555254,买盘
09:47:57,18.89,0.0,483,912078,买盘
09:48:00,18.89,0.0,226,426741,买盘
09:48:03,18.88,-0.01,435,821301,卖盘
09:48:06,18.87,-0.01,173,326615,卖盘
09:48:09,18.89,0.02,264,498466,买盘
09:48:12,18.88,-0.01,340,642128,卖盘
09:48:15,18.88,0.0,328,619341,卖盘
09:48:18,18.88,0.0,1417,2674164,卖盘
09:48:21,18.88,0.0,221,417074,买盘
09:48:24,18.88,0.0,112,211441,买盘
09:48:27,18.87,-0.01,182,343559,卖盘
09:48:30,18.87,0.0,50,94357,卖盘
09:48:33,18.87,0.0,117,220832,卖盘
09:48:36,18.88,0.01,528,996477,买盘
09:48:39,18.88,0.0,475,896431,买盘
09:48:42,18.88,0.0,142,268075,买盘
09:48:45,18.88,0.0,94,177461,买盘
09:48:48,18.87,-0.01,38,71740,卖盘
09:48:51,18.88,0.01,325,613321,买盘
09:48:54,18.87,-0.01,78,147239,卖盘
09:48:57,18.87,0.0,541,1021207,卖盘
09:49:00,18.88,0.01,519,979730,买盘
09:49:03,18.88,0.0,135,254880,卖盘
09:49:06,18.88,0.0,429,809966,卖盘
09:49:09,18.88,0.0,258,487120,卖盘
09:49:12,18.88,0.0,17,32096,买盘
09:49:15,18.88,0.0,257,485172,买盘
09:49:18,18.88,0.0,105,198240,买盘
09:49:21,18.88,0.0,306,577763,卖盘
09:49:24,18.89,0.01,286,540058,买盘
09:49:27,18.88,-0.01,511,964956,卖盘
09:49:30,18.89,0.01,237,447681,买盘
09:49:33,18.88,-0.01,157,296457,卖盘
09:49:36,18.89,0.01,341,644089,买盘
09:49:39,18.89,0.0,63,118998,买盘
09:49:42,18.89,0.0,1201,2269426,买盘
09:49:45,18.9,0.01,88,166257,买盘
09:49:48,18.89,-0.01,98,185194,卖盘
09:49:51,18.9,0.01,44,83155,买盘
09:49:54,18.9,0.0,494,933867,买盘
09:49:57,18.9,0.0,200,377891,买盘
09:50:00,18.9,0.0,194,366792,卖盘
09:50:03,18.91,0.01,579,1094670,买盘
09:50:06,18.91,0.0,276,521910,卖盘
09:50:09,18.91,0.0,266,502958,买盘
09:50:12,18.91,0.0,279,527575,卖盘
09:50:15,18.91,0.0,394,744719,买盘
09:50:18,18.9,-0.01,411,776922,卖盘
09:50:21,18.9,0.0,334,631257,买盘
09:50:24,18.9,0.0,118,223057,买盘
09:50:27,18.91,0.01,638,1205793,买盘
09:50:30,18.9,-0.01,408,770933,卖盘
09:50:33,18.91,0.01,407,769417,买盘
09:50:36,18.89,-0.02,268,506474,卖盘
09:50:39,18.91,0.02,408,771097,买盘
09:50:42,18.9,-0.01,171,323281,卖盘
09:50:45,18.91,0.01,299,565158,买盘
09:50:48,18.9,-0.01,201,379979,卖盘
09:50:51,18.9,0.0,204,385571,卖盘
09:50:54,18.9,0.0,169,319410,买盘
09:50:57,18.9,0.0,157,296790,卖盘
09:51:00,18.9,0.0,365,689849,卖盘
09:51:03,18.9,0.0,475,897424,买盘
09:51:06,18.9,0.0,256,483837,买盘
09:51:09,18.9,0.0,100,188998,买盘
09:51:12,18.89,-0.01,188,355271,卖盘
09:51:15,18.9,0.01,529,999451,买盘
09:51:18,18.9,0.0,151,285302,买盘
09:51:21,18.9,0.0,194,366630,买盘
09:51:24,18.9,0.0,55,103936,买盘
09:51:27,18.89,-0.01,398,751873,卖盘
09:51:30,18.89,0.0,57,107673,买盘
09:51:33,18.88,-0.01,117,220925,卖盘
09:51:36,18.88,0.0,2022,3817673,卖盘
09:51:39,18.88,0.0,348,657059,卖盘
09:51:42,18.88,0.0,327,617401,卖盘
09:51:45,18.88,0.0,209,394592,卖盘
09:51:48,18.87,-0.01,28,52851,卖盘
09:51:51,18.88,0.01,114,215143,买盘
09:51:54,18.88,0.0,367,692540,买盘
09:51:57,18.88,0.0,425,802314,买盘
09:52:00,18.88,0.0,188,354970,卖盘
09:52:03,18.89,0.01,117,220916,买盘
09:52:06,18.89,0.0,123,232232,买盘
09:52:09,18.89,0.0,307,579804,买盘
09:52:12,18.89,0.0,151,285161,买盘
09:52:15,18.89,0.0,139,262475,买盘
09:52:18,18.89,0.0,161,304062,买盘
09:52:21,18.88,-0.01,107,202021,卖盘
09:52:24,18.87,-0.01,104,196310,卖盘
09:52:27,18.87,0.0,57,107597,卖盘
09:52:30,18.87,0.0,391,738232,卖盘
09:52:33,18.87,0.0,305,575678,卖盘
09:52:36,18.88,0.01,972,1833407,买盘
09:52:39,18.87,-0.01,124,233994,买盘
09:52:42,18.87,0.0,101,190580,买盘
09:52:45,18.87,0.0,224,422590,买盘
09:52:48,18.86,-0.01,124,233971,中性盘
09:52:51,18.86,0.0,150,282831,卖盘
09:52:54,18.86,0.0,351,661957,买盘
09:52:57,18.87,0.01,243,458345,买盘
09:53:00,18.87,0.0,102,192392,买盘
09:53:03,18.87,0.0,143,269745,买盘
09:53:06,18.87,0.0,71,133957,买盘
09:53:09,18.87,0.0,197,371593,买盘
09:53:12,18.87,0.0,163,307494,买盘
09:53:15,18.87,0.0,61,115105,买盘
09:53:18,18.86,-0.01,259,488559,卖盘
09:53:21,18.87,0.01,273,515026,买盘
09:53:24,18.87,0.0,73,137699,买盘
09:53:27,18.87,0.0,97,182987,买盘
09:53:30,18.86,-0.01,230,433877,卖盘
09:53:33,18.87,0.01,322,607320,买盘
09:53:36,18.86,-0.01,151,284870,卖盘
09:53:39,18.87,0.01,225,424457,买盘
09:53:42,18.87,0.0,156,294354,买盘
09:53:45,18.86,-0.01,215,405569,卖盘
09:53:48,18.87,0.01,1798,3393034,买盘
09:53:51,18.87,0.0,345,651251,卖盘
09:53:54,18.87,0.0,142,268036,卖盘
09:53:57,18.88,0.01,134,252925,买盘
09:54:00,18.87,-0.01,61,115140,卖盘
09:54:03,18.88,0.01,581,1096939,买盘
09:54:06,18.89,0.01,204,385289,买盘
09:54:09,18.89,0.0,126,237935,买盘
09:54:12,18.89,0.0,176,332448,买盘
09:54:15,18.9,0.01,644,1216528,买盘
09:54:18,18.9,0.0,71,134171,买盘
09:54:21,18.89,-0.01,96,181381,卖盘
09:54:24,18.9,0.01,346,653655,买盘
09:54:27,18.9,0.0,270,510224,买盘
09:54:30,18.89,-0.01,116,219179,卖盘
09:54:33,18.9,0.01,244,461123,买盘
09:54:36,18.89,-0.01,56,105803,卖盘
09:54:39,18.89,0.0,509,961655,卖盘
09:54:42,18.9,0.01,98,185198,买盘
09:54:45,18.91,0.01,1888,3568925,买盘
09:54:48,18.9,-0.01,100,189079,卖盘
09:54:51,18.92,0.02,285,539162,买盘
09:54:54,18.92,0.0,367,694228,买盘
09:54:57,18.92,0.0,180,340688,卖盘
09:55:00,18.92,0.0,97,183582,卖盘
09:55:03,18.93,0.01,177,335022,买盘
09:55:06,18.93,0.0,1043,1974722,买盘
09:55:09,18.94,0.01,63,119278,买盘
09:55:12,18.93,-0.01,320,606040,卖盘
09:55:15,18.94,0.01,413,781999,买盘
09:55:18,18.94,0.0,609,1153827,卖盘
09:55:21,18.95,0.01,1529,2897385,买盘
09:55:24,18.95,0.0,207,392306,卖盘
09:55:27,18.96,0.01,427,809478,买盘
09:55:30,18.96,0.0,375,710982,买盘
09:55:33,18.96,0.0,184,348869,买盘
09:55:36,18.96,0.0,118,223799,卖盘
09:55:39,18.97,0.01,449,851551,买盘
09:55:42,18.97,0.0,334,633459,买盘
09:55:45,18.97,0.0,855,1622390,买盘
09:55:48,18.97,0.0,594,1126723,买盘
09:55:51,18.96,-0.01,505,956413,卖盘
09:55:54,18.96,0.0,1488,2822310,买盘
09:55:57,18.96,0.0,208,394392,买盘
09:56:00,18.96,0.0,276,523247,买盘
09:56:03,18.96,0.0,347,657889,买盘
09:56:06,18.96,0.0,952,1804283,买盘
09:56:09,18.96,0.0,284,538366,买盘
09:56:12,18.95,-0.01,151,286225,卖盘
09:56:15,18.95,0.0,365,691930,卖盘
09:56:18,18.95,0.0,232,439708,卖盘
09:56:21,18.95,0.0,467,885070,卖盘
09:56:24,18.95,0.0,521,987347,卖盘
09:56:27,18.94,-0.01,977,1851168,卖盘
09:56:30,18.96,0.02,2274,4311083,买盘
09:56:33,18.96,0.0,1833,3477259,卖盘
09:56:36,18.97,0.01,268,508360,买盘
09:56:39,18.98,0.01,310,588150,买盘
09:56:42,18.98,0.0,271,514267,买盘
09:56:45,18.98,0.0,312,591940,买盘
09:56:48,18.97,-0.01,223,423161,中性盘
09:56:51,18.97,0.0,2472,4691319,买盘
09:56:54,18.96,-0.01,190,360411,卖盘
09:56:57,18.98,0.02,135,256096,买盘
09:57:00,18.97,-0.01,84,159353,中性盘
09:57:03,18.97,0.0,417,791287,卖盘
09:57:06,18.97,0.0,659,1250594,卖盘
09:57:09,18.97,0.0,55,104320,买盘
09:57:12,18.97,0.0,141,267447,买盘
09:57:15,18.96,-0.01,227,430436,卖盘
09:57:18,18.96,0.0,487,923752,卖盘
09:57:21,18.96,0.0,364,690188,卖盘
09:57:24,18.96,0.0,453,858971,卖盘
09:57:27,18.96,0.0,225,426593,买盘
09:57:30,18.95,-0.01,482,913470,卖盘
09:57:33,18.94,-0.01,309,585533,卖盘
09:57:36,18.94,0.0,265,501982,卖盘
09:57:39,18.94,0.0,192,363678,买盘
09:57:42,18.95,0.01,278,526727,买盘
09:57:45,18.95,0.0,165,312751,卖盘
09:57:48,18.95,0.0,238,451024,卖盘
09:57:51,18.95,0.0,207,392294,卖盘
09:57:54,18.96,0.01,155,293764,买盘
09:57:57,18.96,0.0,985,1867570,买盘
09:58:00,18.96,0.0,341,646483,卖盘
09:58:03,18.97,0.01,838,1589578,买盘
09:58:06,18.96,-0.01,219,415257,卖盘
09:58:09,19.0,0.04,9105,17288930,买盘
09:58:12,19.01,0.01,4129,7846795,买盘
09:58:15,19.0,-0.01,122,232016,卖盘
09:58:18,19.0,0.0,305,580043,卖盘
09:58:21,19.0,0.0,1785,3392547,卖盘
09:58:24,18.99,-0.01,484,919549,卖盘
09:58:27,18.99,0.0,669,1270223,买盘
09:58:30,19.0,0.01,646,1226627,买盘
09:58:33,18.99,-0.01,296,562114,中性盘
09:58:36,18.99,0.0,693,1316197,买盘
09:58:39,18.98,-0.01,720,1367269,卖盘
09:58:42,18.99,0.01,245,465131,中性盘
09:58:45,18.99,0.0,328,622836,买盘
09:58:48,18.99,0.0,674,1280030,卖盘
09:58:51,19.0,0.01,639,1213237,买盘
09:58:54,18.99,-0.01,566,1074806,卖盘
09:58:57,18.98,-0.01,1217,2310531,卖盘
09:59:00,18.99,0.01,346,656862,买盘
09:59:03,18.96,-0.03,1435,2722337,卖盘
09:59:06,18.96,0.0,397,752570,买盘
09:59:09,18.95,-0.01,123,233168,卖盘
09:59:12,18.96,0.01,643,1218978,买盘
09:59:15,18.96,0.0,316,598959,卖盘
09:59:18,18.96,0.0,138,261679,中性盘
09:59:21,18.97,0.01,316,599270,买盘
09:59:24,18.96,-0.01,161,305284,卖盘
09:59:27,18.96,0.0,204,386724,买盘
09:59:30,18.96,0.0,242,458869,买盘
09:59:33,18.96,0.0,156,295845,卖盘
09:59:36,18.97,0.01,234,443846,买盘
09:59:39,18.97,0.0,223,422936,买盘
09:59:42,18.97,0.0,260,493209,买盘
09:59:45,18.97,0.0,289,548216,卖盘
09:59:48,18.97,0.0,2906,5517729,买盘
09:59:51,18.97,0.0,448,849636,卖盘
09:59:54,18.97,0.0,69,130893,买盘
09:59:57,18.97,0.0,636,1206536,买盘
10:00:00,18.98,0.01,1750,3317493,买盘
10:00:03,19.0,0.02,618,1173877,买盘
10:00:06,18.99,-0.01,54,102588,卖盘
10:00:09,19.0,0.01,659,1252038,买盘
10:00:12,19.0,0.0,87,165268,买盘
10:00:15,19.0,0.0,263,499678,买盘
10:00:18,19.0,0.0,1050,1994314,买盘
10:00:21,18.99,-0.01,305,579327,卖盘
10:00:24,18.99,0.0,390,740610,买盘
10:00:27,18.99,0.0,272,516528,买盘
10:00:30,18.99,0.0,1068,2028126,卖盘
10:00:33,18.99,0.0,550,1044566,买盘
10:00:36,18.99,0.0,422,801496,卖盘
10:00:39,19.0,0.01,639,1213882,买盘
10:00:42,19.0,0.0,591,1122770,买盘
10:00:45,19.0,0.0,710,1348788,买盘
10:00:48,19.0,0.0,293,556605,买盘
10:00:51,19.0,0.0,433,822679,买盘
10:00:54,19.0,0.0,1556,2956381,买盘
10:00:57,19.0,0.0,1022,1941693,买盘
10:01:00,19.0,0.0,1083,2057638,买盘
10:01:03,18.99,-0.01,3111,5909588,卖盘
10:01:06,18.99,0.0,743,1411384,买盘
10:01:09,18.99,0.0,285,541479,卖盘
10:01:12,18.99,0.0,639,1213606,卖盘
10:01:15,18.99,0.0,632,1199626,卖盘
10:01:18,18.98,-0.01,299,567733,卖盘
10:01:21,18.98,0.0,344,652925,买盘
10:01:24,19.0,0.02,290,550714,买盘
10:01:27,19.0,0.0,340,645594,买盘
10:01:30,18.99,-0.01,455,864446,中性盘
10:01:33,18.99,0.0,107,203151,买盘
10:01:36,18.98,-0.01,785,1490408,卖盘
10:01:39,18.99,0.01,89,168990,买盘
10:01:42,18.99,0.0,259,491731,买盘
10:01:45,18.99,0.0,107,203152,买盘
10:01:48,18.99,0.0,347,658738,买盘
10:01:51,18.98,-0.01,124,235352,卖盘
10:01:54,18.98,0.0,103,195494,买盘
10:01:57,18.98,0.0,330,626349,买盘
10:02:00,18.98,0.0,48,91110,卖盘
10:02:03,18.99,0.01,898,1705256,买盘
10:02:06,18.98,-0.01,251,476481,卖盘
10:02:09,18.99,0.01,327,620973,买盘
10:02:12,19.0,0.01,210,398817,买盘
10:02:15,19.0,0.0,296,562052,买盘
10:02:18,19.0,0.0,161,305833,买盘
10:02:21,19.0,0.0,335,636231,买盘
10:02:24,19.0,0.0,180,342000,买盘
10:02:27,19.0,0.0,188,357157,买盘
10:02:30,19.0,0.0,347,659071,买盘
10:02:33,19.0,0.0,458,870167,买盘
10:02:36,19.0,0.0,118,224546,买盘
10:02:39,19.0,0.0,425,807304,买盘
10:02:42,18.99,-0.01,336,638301,卖盘
10:02:45,19.0,0.01,612,1162583,买盘
10:02:48,18.99,-0.01,115,218477,卖盘
10:02:51,18.99,0.0,120,227942,卖盘
10:02:54,19.0,0.01,399,757852,买盘
10:02:57,19.01,0.01,2288,4347055,买盘
10:03:00,19.0,-0.01,1189,2259117,卖盘
10:03:03,19.0,0.0,412,783050,卖盘
10:03:06,19.0,0.0,1547,2939316,卖盘
10:03:09,19.0,0.0,105,199499,买盘
10:03:12,19.0,0.0,2705,5137264,买盘
10:03:15,19.0,0.0,219,416097,买盘
10:03:18,19.0,0.0,211,400495,买盘
10:03:21,19.0,0.0,143,271672,买盘
10:03:24,18.99,-0.01,385,731423,卖盘
10:03:27,19.0,0.01,119,226012,买盘
10:03:30,18.99,-0.01,648,1230959,卖盘
10:03:33,18.99,0.0,535,1016214,买盘
10:03:36,18.99,0.0,100,189862,买盘
10:03:39,18.99,0.0,297,563934,买盘
10:03:42,18.99,0.0,381,723346,卖盘
10:03:45,18.98,-0.01,161,305723,卖盘
10:03:48,18.98,0.0,295,560137,卖盘
10:03:51,18.98,0.0,265,503000,卖盘
10:03:54,18.97,-0.01,63,119571,卖盘
10:03:57,18.99,0.02,288,546591,买盘
10:04:00,18.97,-0.02,370,702510,卖盘
10:04:03,18.99,0.02,283,537298,买盘
10:04:06,18.98,-0.01,209,396726,卖盘
10:04:09,18.98,0.0,228,432905,卖盘
10:04:12,18.99,0.01,257,487823,买盘
10:04:15,18.99,0.0,215,408194,买盘
10:04:18,18.99,0.0,102,193660,买盘
10:04:21,18.99,0.0,238,451755,买盘
10:04:24,18.98,-0.01,119,225861,卖盘
10:04:27,18.98,0.0,350,664377,买盘
10:04:30,18.96,-0.02,1163,2205657,卖盘
10:04:33,18.95,-0.01,534,1011944,卖盘
10:04:36,18.95,0.0,76,144018,买盘
10:04:39,18.94,-0.01,151,286053,卖盘
10:04:42,18.94,0.0,127,240573,卖盘
10:04:45,18.94,0.0,287,543619,卖盘
10:04:48,18.94,0.0,46,87126,卖盘
10:04:51,18.95,0.01,177,335148,买盘
10:04:54,18.94,-0.01,168,318195,卖盘
10:04:57,18.95,0.01,91,172370,买盘
10:05:00,18.95,0.0,264,499816,买盘
10:05:03,18.95,0.0,98,185629,买盘
10:05:06,18.94,-0.01,232,439424,卖盘
10:05:09,18.94,0.0,64,121200,买盘
10:05:12,18.94,0.0,110,208316,买盘
10:05:15,18.94,0.0,269,509465,买盘
10:05:18,18.94,0.0,160,303040,卖盘
10:05:21,18.94,0.0,50,94705,卖盘
10:05:24,18.95,0.01,418,792007,买盘
10:05:27,18.94,-0.01,237,448906,卖盘
10:05:30,18.94,0.0,609,1153472,卖盘
10:05:33,18.94,0.0,51,96592,买盘
10:05:36,18.94,0.0,138,261371,买盘
10:05:39,18.93,-0.01,207,391895,卖盘
10:05:42,18.94,0.01,234,443187,买盘
10:05:45,18.94,0.0,99,187447,卖盘
10:05:48,18.94,0.0,215,407143,买盘
10:05:51,18.94,0.0,631,1195021,买盘
10:05:54,18.94,0.0,668,1264539,买盘
10:05:57,18.94,0.0,394,746307,买盘
10:06:00,18.93,-0.01,108,204468,卖盘
10:06:03,18.93,0.0,245,463824,卖盘
10:06:06,18.93,0.0,227,429776,卖盘
10:06:09,18.93,0.0,702,1328480,卖盘
10:06:12,18.93,0.0,64,121125,买盘
10:06:15,18.92,-0.01,49,92747,卖盘
10:06:18,18.92,0.0,225,425786,卖盘
10:06:21,18.93,0.01,58,109761,买盘
10:06:24,18.92,-0.01,179,338682,卖盘
10:06:27,18.92,0.0,187,353839,卖盘
10:06:30,18.93,0.01,230,435258,买盘
10:06:33,18.94,0.01,1833,3469907,买盘
10:06:36,18.94,0.0,407,770789,买盘
10:06:39,18.94,0.0,498,943210,买盘
10:06:42,18.94,0.0,1361,2576127,买盘
10:06:45,18.94,0.0,194,367428,买盘
10:06:48,18.94,0.0,27,51145,卖盘
10:06:51,18.94,0.0,46,87132,卖盘
10:06:54,18.94,0.0,91,172371,卖盘
10:06:57,18.94,0.0,45,85241,卖盘
10:07:00,18.94,0.0,53,100392,卖盘
10:07:03,18.95,0.01,245,464042,买盘
10:07:06,18.94,-0.01,177,335293,卖盘
10:07:09,18.95,0.01,168,318238,买盘
10:07:12,18.95,0.0,114,215969,买盘
10:07:15,18.95,0.0,19,36003,买盘
10:07:18,18.95,0.0,536,1015689,买盘
10:07:21,18.95,0.0,167,316478,卖盘
10:07:24,18.96,0.01,43,81497,买盘
10:07:27,18.96,0.0,27,51188,买盘
10:07:30,18.96,0.0,43,81528,买盘
10:07:33,18.96,0.0,273,517458,买盘
10:07:36,18.96,0.0,46,87184,买盘
10:07:39,18.96,0.0,18,34143,卖盘
10:07:42,18.97,0.01,172,326211,买盘
10:07:45,18.97,0.0,191,362298,卖盘
10:07:48,18.98,0.01,220,417340,买盘
10:07:51,18.98,0.0,94,178340,买盘
10:07:54,18.98,0.0,40,75900,买盘
10:07:57,18.98,0.0,69,130929,买盘
10:08:00,18.97,-0.01,332,629955,卖盘
10:08:03,18.98,0.01,90,170806,买盘
10:08:06,18.98,0.0,199,377581,买盘
10:08:09,18.99,0.01,1592,3021483,买盘
10:08:12,18.99,0.0,94,178490,买盘
10:08:15,18.98,-0.01,237,450000,卖盘
10:08:18,18.99,0.01,295,560084,买盘
10:08:21,18.98,-0.01,149,282878,卖盘
10:08:24,18.99,0.01,47,89251,买盘
10:08:27,18.98,-0.01,170,322767,卖盘
10:08:30,18.97,-0.01,381,723186,卖盘
10:08:33,18.98,0.01,274,520298,买盘
10:08:36,18.98,0.0,179,339816,买盘
10:08:39,18.98,0.0,186,353033,卖盘
10:08:42,18.98,0.0,133,252441,卖盘
10:08:45,18.97,-0.01,137,260021,卖盘
10:08:48,18.97,0.0,110,208769,卖盘
10:08:51,18.97,0.0,228,432561,卖盘
10:08:54,18.97,0.0,677,1284285,卖盘
10:08:57,18.97,0.0,10,18970,买盘
10:09:00,18.96,-0.01,525,995402,卖盘
10:09:03,18.96,0.0,35,66360,买盘
10:09:06,18.96,0.0,255,483464,买盘
10:09:09,18.96,0.0,176,333651,买盘
10:09:12,18.96,0.0,259,490916,买盘
10:09:15,18.95,-0.01,249,471982,卖盘
10:09:18,18.96,0.01,107,202796,买盘
10:09:21,18.95,-0.01,597,1131504,卖盘
10:09:24,18.95,0.0,147,278593,卖盘
10:09:27,18.95,0.0,133,252076,卖盘
10:09:30,18.95,0.0,320,606400,卖盘
10:09:33,18.95,0.0,91,172445,买盘
10:09:36,18.94,-0.01,66,125056,卖盘
10:09:39,18.95,0.01,47,89035,买盘
10:09:42,18.95,0.0,113,214112,买盘
10:09:45,18.95,0.0,173,327789,买盘
10:09:48,18.94,-0.01,74,140210,卖盘
10:09:51,18.95,0.01,143,270865,买盘
10:09:54,18.94,-0.01,77,145880,卖盘
10:09:57,18.95,0.01,357,676254,买盘
10:10:00,18.94,-0.01,1086,2056902,卖盘
10:10:03,18.94,0.0,98,185632,买盘
10:10:06,18.94,0.0,63,119320,买盘
10:10:09,18.94,0.0,94,178033,买盘
10:10:12,18.93,-0.01,64,121166,卖盘
10:10:15,18.93,0.0,758,1434901,卖盘
10:10:18,18.93,0.0,77,145763,卖盘
10:10:21,18.93,0.0,269,509231,卖盘
10:10:24,18.94,0.01,455,861447,买盘
10:10:27,18.94,0.0,75,141998,买盘
10:10:30,18.93,-0.01,364,689257,卖盘
10:10:33,18.93,0.0,89,168564,卖盘
10:10:36,18.93,0.0,281,531950,卖盘
10:10:39,18.93,0.0,215,407010,卖盘
10:10:42,18.93,0.0,494,935011,卖盘
10:10:45,18.93,0.0,100,189307,买盘
10:10:48,18.92,-0.01,152,287738,卖盘
10:10:51,18.94,0.02,475,899232,买盘
10:10:54,18.93,-0.01,70,132572,卖盘
10:10:57,18.93,0.0,287,543335,卖盘
10:11:00,18.94,0.01,38,71949,买盘
10:11:03,18.94,0.0,281,532120,买盘
10:11:06,18.93,-0.01,1109,2101139,卖盘
10:11:09,18.95,0.02,190,359710,买盘
10:11:12,18.96,0.01,766,1451619,买盘
10:11:15,18.95,-0.01,61,115598,卖盘
10:11:18,18.95,0.0,111,210361,卖盘
10:11:21,18.95,0.0,42,79596,卖盘
10:11:24,18.96,0.01,309,585779,买盘
10:11:27,18.95,-0.01,133,252167,卖盘
10:11:30,18.95,0.0,328,621856,卖盘
10:11:33,18.96,0.01,342,648184,买盘
10:11:36,18.96,0.0,63,119422,买盘
10:11:39,18.95,-0.01,395,748560,卖盘
10:11:42,18.95,0.0,382,724159,买盘
10:11:45,18.95,0.0,126,238829,卖盘
10:11:48,18.96,0.01,180,341178,买盘
10:11:51,18.96,0.0,42,79628,买盘
10:11:54,18.96,0.0,226,428458,买盘
10:11:57,18.96,0.0,100,189595,买盘
10:12:00,18.96,0.0,150,284378,买盘
10:12:03,18.96,0.0,433,820711,买盘
10:12:06,18.96,0.0,44,83423,买盘
10:12:09,18.96,0.0,27,51192,买盘
10:12:12,18.96,0.0,180,341273,卖盘
10:12:15,18.96,0.0,144,273037,卖盘
10:12:18,18.96,0.0,157,297743,买盘
10:12:21,18.96,0.0,125,236995,买盘
10:12:24,18.96,0.0,85,161124,买盘
10:12:27,18.96,0.0,43,81528,买盘
10:12:30,18.96,0.0,294,557217,买盘
10:12:33,18.96,0.0,104,197148,买盘
10:12:36,18.95,-0.01,204,386644,卖盘
10:12:39,18.96,0.01,90,170599,买盘
10:12:42,18.96,0.0,95,180057,买盘
10:12:45,18.96,0.0,187,354446,买盘
10:12:48,18.95,-0.01,142,269131,卖盘
10:12:51,18.96,0.01,172,325970,买盘
10:12:54,18.96,0.0,92,174405,买盘
10:12:57,18.96,0.0,274,519336,买盘
10:13:00,18.96,0.0,1308,2479644,买盘
10:13:03,18.96,0.0,204,386739,买盘
10:13:06,18.95,-0.01,237,449339,卖盘
10:13:09,18.97,0.02,1279,2426177,买盘
10:13:12,18.97,0.0,200,379413,卖盘
10:13:15,18.97,0.0,50,94862,卖盘
10:13:18,18.96,-0.01,1725,3271706,卖盘
10:13:21,18.96,0.0,148,280607,买盘
10:13:24,18.97,0.01,173,327969,买盘
10:13:27,18.96,-0.01,117,221813,卖盘
10:13:30,18.96,0.0,69,130866,买盘
10:13:33,18.97,0.01,130,246566,买盘
10:13:36,18.96,-0.01,429,813586,卖盘
10:13:39,18.97,0.01,500,948406,买盘
10:13:42,18.99,0.02,2534,4811000,买盘
10:13:45,19.0,0.01,213,404660,买盘
10:13:48,19.04,0.04,22389,42564847,买盘
10:13:51,19.06,0.02,2987,5690239,买盘
10:13:54,19.02,-0.04,1927,3665678,卖盘
10:13:57,19.03,0.01,1669,3176318,买盘
10:14:00,19.02,-0.01,532,1012270,卖盘
10:14:03,19.02,0.0,536,1019461,买盘
10:14:06,19.02,0.0,406,772121,买盘
10:14:09,19.01,-0.01,491,933739,卖盘
10:14:12,19.01,0.0,722,1372750,卖盘
10:14:15,19.0,-0.01,1196,2274483,卖盘
10:14:18,19.0,0.0,762,1448023,卖盘
10:14:21,19.0,0.0,397,754115,买盘
10:14:24,19.0,0.0,316,600419,买盘
10:14:27,19.0,0.0,388,737178,卖盘
10:14:30,19.0,0.0,427,811138,买盘
10:14:33,19.0,0.0,236,448537,卖盘
10:14:36,19.01,0.01,864,1641697,买盘
10:14:39,18.99,-0.02,492,934850,卖盘
10:14:42,19.0,0.01,322,611664,买盘
10:14:45,19.0,0.0,57,108299,买盘
10:14:48,18.98,-0.02,1382,2625067,卖盘
10:14:51,18.99,0.01,358,679649,买盘
10:14:54,18.99,0.0,140,265842,买盘
10:14:57,18.99,0.0,193,366496,买盘
10:15:00,18.99,0.0,149,282942,买盘
10:15:03,18.99,0.0,447,848871,卖盘
10:15:06,18.99,0.0,390,740549,买盘
10:15:09,18.99,0.0,216,410168,买盘
10:15:12,18.98,-0.01,1692,3211694,卖盘
10:15:15,18.98,0.0,728,1382283,卖盘
10:15:18,18.98,0.0,78,148044,买盘
10:15:21,18.98,0.0,160,303674,买盘
10:15:24,18.98,0.0,303,575033,买盘
10:15:27,18.98,0.0,448,850055,买盘
10:15:30,18.99,0.01,181,343529,买盘
10:15:33,18.98,-0.01,785,1490467,卖盘
10:15:36,18.98,0.0,250,474452,买盘
10:15:39,18.98,0.0,122,231520,买盘
10:15:42,18.98,0.0,458,869328,卖盘
10:15:45,18.98,0.0,255,484025,买盘
10:15:48,18.97,-0.01,282,535268,卖盘
10:15:51,18.98,0.01,200,379686,买盘
10:15:54,18.98,0.0,289,548896,卖盘
10:15:57,18.98,0.0,328,622542,卖盘
10:16:00,18.98,0.0,287,544844,买盘
10:16:03,18.98,0.0,195,370123,卖盘
10:16:06,18.98,0.0,172,326456,卖盘
10:16:09,18.97,-0.01,409,776205,卖盘
10:16:12,18.98,0.01,203,385249,买盘
10:16:15,18.98,0.0,334,633763,买盘
10:16:18,18.98,0.0,97,184062,中性盘
10:16:21,18.99,0.01,161,305587,买盘
10:16:24,18.97,-0.02,40,75903,卖盘
10:16:27,18.98,0.01,294,557960,买盘
10:16:30,18.98,0.0,173,328336,买盘
10:16:33,18.98,0.0,139,263845,卖盘
10:16:36,18.98,0.0,29,55042,卖盘
10:16:39,18.98,0.0,89,168990,卖盘
10:16:42,18.99,0.01,51,96837,买盘
10:16:45,18.98,-0.01,116,220275,卖盘
10:16:48,18.98,0.0,240,455574,卖盘
10:16:51,18.99,0.01,699,1326818,买盘
10:16:54,19.0,0.01,239,453898,买盘
10:16:57,18.99,-0.01,169,320926,卖盘
10:17:00,18.98,-0.01,230,436619,卖盘
10:17:03,18.99,0.01,87,165227,中性盘
10:17:06,18.98,-0.01,1309,2485776,卖盘
10:17:09,18.99,0.01,236,448030,买盘
10:17:12,18.98,-0.01,1301,2469244,卖盘
10:17:15,18.98,0.0,411,779900,买盘
10:17:18,18.98,0.0,388,736183,买盘
10:17:21,18.97,-0.01,550,1043362,卖盘
10:17:24,18.96,-0.01,145,275094,卖盘
10:17:27,18.97,0.01,337,639552,买盘
10:17:30,18.97,0.0,34,64472,买盘
10:17:33,18.98,0.01,504,956021,买盘
10:17:36,18.97,-0.01,553,1049017,卖盘
10:17:39,18.97,0.0,142,269431,买盘
10:17:42,18.96,-0.01,157,297777,卖盘
10:17:45,18.97,0.01,70,132744,买盘
10:17:48,18.96,-0.01,475,900680,卖盘
10:17:51,18.96,0.0,929,1761423,卖盘
10:17:54,18.97,0.01,63,119468,买盘
10:17:57,18.97,0.0,111,210462,买盘
10:18:00,18.96,-0.01,473,896808,卖盘
10:18:03,18.96,0.0,112,212314,买盘
10:18:06,18.96,0.0,167,316727,买盘
10:18:09,18.95,-0.01,152,288142,卖盘
10:18:12,18.96,0.01,152,288138,买盘
10:18:15,18.96,0.0,1253,2375653,买盘
10:18:18,18.96,0.0,393,744908,买盘
10:18:21,18.96,0.0,137,259725,买盘
10:18:24,18.96,0.0,227,430269,买盘
10:18:27,18.95,-0.01,108,204745,卖盘
10:18:30,18.96,0.01,572,1084521,买盘
10:18:33,18.98,0.02,938,1778791,买盘
10:18:36,18.97,-0.01,91,172691,卖盘
10:18:39,18.99,0.02,120,227839,买盘
10:18:42,19.0,0.01,68,129134,买盘
10:18:45,19.0,0.0,831,1578890,买盘
10:18:48,19.0,0.0,345,655490,买盘
10:18:51,19.0,0.0,418,793986,买盘
10:18:54,19.0,0.0,79,150094,买盘
10:18:57,19.0,0.0,128,243187,买盘
10:19:00,19.0,0.0,322,611803,买盘
10:19:03,19.01,0.01,300,570041,买盘
10:19:06,19.0,-0.01,123,233785,卖盘
10:19:09,19.0,0.0,314,596759,卖盘
10:19:12,19.0,0.0,378,718474,卖盘
10:19:15,19.0,0.0,250,475050,卖盘
10:19:18,19.0,0.0,1118,2126274,卖盘
10:19:21,19.01,0.01,89,169124,买盘
10:19:24,19.01,0.0,91,172929,买盘
10:19:27,19.01,0.0,216,410575,买盘
10:19:30,19.01,0.0,356,676491,买盘
10:19:33,19.01,0.0,272,517009,买盘
10:19:36,19.01,0.0,195,370608,买盘
10:19:39,19.01,0.0,174,330720,买盘
10:19:42,19.0,-0.01,300,570279,卖盘
10:19:45,19.0,0.0,236,448551,卖盘
10:19:48,19.0,0.0,105,199550,卖盘
10:19:51,19.01,0.01,384,729837,买盘
10:19:54,19.0,-0.01,567,1077370,卖盘
10:19:57,19.01,0.01,570,1083036,买盘
10:20:00,19.0,-0.01,282,535840,卖盘
10:20:03,19.0,0.0,212,402851,卖盘
10:20:06,19.0,0.0,457,868310,卖盘
10:20:09,18.98,-0.02,292,553822,卖盘
10:20:12,18.98,0.0,164,311454,卖盘
10:20:15,18.99,0.01,435,825579,中性盘
10:20:18,18.99,0.0,125,237257,买盘
10:20:21,18.97,-0.02,186,353021,卖盘
10:20:24,18.99,0.02,42,79704,买盘
10:20:27,18.98,-0.01,153,290469,卖盘
10:20:30,18.99,0.01,540,1024445,买盘
10:20:33,18.99,0.0,18,34182,买盘
10:20:36,18.98,-0.01,52,98718,卖盘
10:20:39,18.98,0.0,48,91119,卖盘
10:20:42,18.99,0.01,147,279026,买盘
10:20:45,18.98,-0.01,46,87309,卖盘
10:20:48,18.98,0.0,53,100596,卖盘
10:20:51,18.98,0.0,176,334079,卖盘
10:20:54,18.97,-0.01,73,138557,卖盘
10:20:57,18.98,0.01,264,501237,买盘
10:21:00,18.99,0.01,62,117710,买盘
10:21:03,18.99,0.0,128,243057,买盘
10:21:06,18.99,0.0,25,47461,买盘
10:21:09,18.99,0.0,68,129106,买盘
10:21:12,18.99,0.0,55,104439,买盘
10:21:15,18.99,0.0,166,315181,买盘
10:21:18,18.99,0.0,76,144323,买盘
10:21:21,18.99,0.0,220,417780,买盘
10:21:24,18.99,0.0,41,77869,卖盘
10:21:27,18.99,0.0,65,123435,卖盘
10:21:30,18.99,0.0,12,22790,卖盘
10:21:33,19.0,0.01,111,210823,买盘
10:21:36,18.99,-0.01,52,98750,卖盘
10:21:39,19.0,0.01,96,182335,买盘
10:21:42,19.0,0.0,167,317292,买盘
10:21:45,19.0,0.0,178,338178,买盘
10:21:48,18.99,-0.01,169,321092,卖盘
10:21:51,19.0,0.01,49,93094,买盘
10:21:54,19.0,0.0,97,184281,买盘
10:21:57,18.99,-0.01,136,258384,卖盘
10:22:00,18.99,0.0,201,381806,卖盘
10:22:03,18.98,-0.01,4115,7812372,卖盘
10:22:06,18.98,0.0,415,787341,买盘
10:22:09,18.97,-0.01,106,201110,卖盘
10:22:12,18.98,0.01,37,70219,买盘
10:22:15,18.97,-0.01,606,1149581,卖盘
10:22:18,18.97,0.0,120,227719,买盘
10:22:21,18.97,0.0,67,127098,卖盘
10:22:24,18.97,0.0,70,132788,买盘
10:22:27,18.97,0.0,142,269323,买盘
10:22:30,18.97,0.0,30,56890,买盘
10:22:33,18.97,0.0,69,130884,买盘
10:22:36,18.97,0.0,50,94819,买盘
10:22:39,18.97,0.0,23,43627,买盘
10:22:42,18.96,-0.01,383,726240,卖盘
10:22:45,18.97,0.01,29,55013,买盘
10:22:48,18.96,-0.01,166,314891,卖盘
10:22:51,18.96,0.0,153,290155,卖盘
10:22:54,18.97,0.01,152,288242,买盘
10:22:57,18.96,-0.01,366,693939,卖盘
10:23:00,18.96,0.0,154,292047,卖盘
10:23:03,18.96,0.0,425,805819,卖盘
10:23:06,18.95,-0.01,2006,3801649,卖盘
10:23:09,18.95,0.0,45,85273,买盘
10:23:12,18.94,-0.01,115,217920,卖盘
10:23:15,18.95,0.01,300,568421,买盘
10:23:18,18.95,0.0,97,183759,买盘
10:23:21,18.94,-0.01,75,142066,卖盘
10:23:24,18.95,0.01,147,278464,买盘
10:23:27,18.95,0.0,222,420723,买盘
10:23:30,18.95,0.0,62,117460,买盘
10:23:33,18.95,0.0,364,689780,买盘
10:23:36,18.95,0.0,206,390370,卖盘
10:23:39,18.96,0.01,900,1705493,买盘
10:23:42,18.94,-0.02,1002,1897879,卖盘
10:23:45,18.95,0.01,95,179979,买盘
10:23:48,18.94,-0.01,37,70078,买盘
10:23:51,18.94,0.0,789,1494341,买盘
10:23:54,18.94,0.0,221,418573,买盘
10:23:57,18.94,0.0,212,401412,买盘
10:24:00,18.93,-0.01,102,193178,卖盘
10:24:03,18.93,0.0,33,62477,卖盘
10:24:06,18.93,0.0,72,136357,卖盘
10:24:09,18.93,0.0,74,140093,卖盘
10:24:12,18.94,0.01,95,179841,买盘
10:24:15,18.93,-0.01,2620,4959660,卖盘
10:24:18,18.93,0.0,104,196872,买盘
10:24:21,18.92,-0.01,1379,2609117,卖盘
10:24:24,18.93,0.01,95,179808,买盘
10:24:27,18.93,0.0,206,389774,买盘
10:24:30,18.93,0.0,636,1203367,买盘
10:24:33,18.92,-0.01,73,138139,卖盘
10:24:36,18.92,0.0,197,372839,卖盘
10:24:39,18.93,0.01,126,238458,买盘
10:24:42,18.93,0.0,51,96529,买盘
10:24:45,18.93,0.0,37,70033,买盘
10:24:48,18.93,0.0,41,77595,买盘
10:24:51,18.92,-0.01,308,582979,卖盘
10:24:54,18.92,0.0,137,259329,卖盘
10:24:57,18.93,0.01,575,1088420,买盘
10:25:00,18.92,-0.01,945,1788147,卖盘
10:25:03,18.93,0.01,227,429699,买盘
10:25:06,18.92,-0.01,109,206331,卖盘
10:25:09,18.94,0.02,92,174226,买盘
10:25:12,18.93,-0.01,92,174211,卖盘
10:25:15,18.94,0.01,105,198853,买盘
10:25:18,18.94,0.0,195,369234,买盘
10:25:21,18.94,0.0,58,109852,买盘
10:25:24,18.94,0.0,202,382584,买盘
10:25:27,18.94,0.0,80,151520,买盘
10:25:30,18.94,0.0,105,198870,买盘
10:25:33,18.94,0.0,252,477187,买盘
10:25:36,18.93,-0.01,2308,4369095,卖盘
10:25:39,18.93,0.0,65,123042,买盘
10:25:42,18.93,0.0,52,98426,买盘
10:25:45,18.93,0.0,180,340717,买盘
10:25:48,18.92,-0.01,2313,4376244,卖盘
10:25:51,18.92,0.0,51,96504,买盘
10:25:54,18.91,-0.01,476,900582,卖盘
10:25:57,18.92,0.01,92,174046,买盘
10:26:00,18.92,0.0,79,149416,买盘
10:26:03,18.92,0.0,15,28380,卖盘
10:26:06,18.91,-0.01,80,151332,卖盘
10:26:09,18.91,0.0,107,202426,卖盘
10:26:12,18.91,0.0,15,28374,卖盘
10:26:15,18.91,0.0,498,941876,卖盘
10:26:18,18.92,0.01,764,1445246,买盘
10:26:21,18.93,0.01,227,429311,买盘
10:26:24,18.93,0.0,28,52987,买盘
10:26:27,18.93,0.0,106,200630,买盘
10:26:30,18.92,-0.01,355,671620,卖盘
10:26:33,18.92,0.0,315,595980,买盘
10:26:36,18.92,0.0,89,168387,买盘
10:26:39,18.92,0.0,90,170268,买盘
10:26:42,18.92,0.0,85,160767,买盘
10:26:45,18.92,0.0,124,234550,买盘
10:26:48,18.92,0.0,471,890941,买盘
10:26:51,18.92,0.0,322,609205,买盘
10:26:54,18.92,0.0,591,1118167,卖盘
10:26:57,18.92,0.0,866,1637751,卖盘
10:27:00,18.92,0.0,122,230824,卖盘
10:27:03,18.91,-0.01,456,863018,卖盘
10:27:06,18.92,0.01,50,94599,买盘
10:27:09,18.91,-0.01,83,156983,卖盘
10:27:12,18.91,0.0,8673,16400612,卖盘
10:27:15,18.9,-0.01,162,306358,卖盘
10:27:18,18.9,0.0,58,109672,卖盘
10:27:21,18.91,0.01,17,32145,买盘
10:27:24,18.9,-0.01,100,189008,卖盘
10:27:27,18.91,0.01,37,69966,买盘
10:27:30,18.91,0.0,341,644767,买盘
10:27:33,18.91,0.0,149,281759,卖盘
10:27:36,18.91,0.0,424,801787,卖盘
10:27:39,18.92,0.01,56,105918,买盘
10:27:42,18.91,-0.01,93,175877,卖盘
10:27:45,18.91,0.0,104,196696,卖盘
10:27:48,18.92,0.01,229,433065,买盘
10:27:51,18.91,-0.01,240,453971,卖盘
10:27:54,18.92,0.01,66,124837,买盘
10:27:57,18.91,-0.01,78,147509,卖盘
10:28:00,18.92,0.01,127,240177,买盘
10:28:03,18.91,-0.01,559,1057390,卖盘
10:28:06,18.91,0.0,1588,3002991,卖盘
10:28:09,18.92,0.01,161,304490,买盘
10:28:12,18.92,0.0,176,332938,买盘
10:28:15,18.92,0.0,2084,3940879,买盘
10:28:18,18.92,0.0,79,149468,买盘
10:28:21,18.92,0.0,84,158923,买盘
10:28:24,18.92,0.0,151,285655,买盘
10:28:27,18.92,0.0,175,331096,买盘
10:28:30,18.92,0.0,105,198651,买盘
10:28:33,18.92,0.0,146,276204,买盘
10:28:36,18.92,0.0,154,291362,买盘
10:28:39,18.91,-0.01,154,291367,卖盘
10:28:42,18.92,0.01,930,1758677,买盘
10:28:45,18.91,-0.01,224,423653,卖盘
10:28:48,18.91,0.0,94,177804,卖盘
10:28:51,18.92,0.01,215,406808,买盘
10:28:54,18.92,0.0,1304,2465980,卖盘
10:28:57,18.92,0.0,75,141901,买盘
10:29:00,18.92,0.0,115,217583,卖盘
10:29:03,18.92,0.0,39,73817,卖盘
10:29:06,18.93,0.01,294,556390,买盘
10:29:09,18.92,-0.01,171,323698,卖盘
10:29:12,18.93,0.01,33,62479,中性盘
10:29:15,18.94,0.01,64,121192,买盘
10:29:18,18.94,0.0,19,35977,买盘
10:29:21,18.93,-0.01,92,174238,卖盘
10:29:24,18.94,0.01,587,1111782,卖盘
10:29:27,18.94,0.0,82,155281,卖盘
10:29:30,18.94,0.0,156,295557,买盘
10:29:33,18.94,0.0,80,151519,买盘
10:29:36,18.94,0.0,357,676143,买盘
10:29:39,18.94,0.0,28,53012,买盘
10:29:42,18.94,0.0,101,191294,买盘
10:29:45,18.94,0.0,259,490435,买盘
10:29:48,18.94,0.0,101,191288,买盘
10:29:51,18.94,0.0,71,134459,买盘
10:29:54,18.94,0.0,133,251881,买盘
10:29:57,18.94,0.0,65,123106,买盘
10:30:00,18.94,0.0,52,98488,买盘
10:30:03,18.94,0.0,133,251921,卖盘
10:30:06,18.95,0.01,128,242383,买盘
10:30:09,18.94,-0.01,24,45456,中性盘
10:30:12,18.93,-0.01,87,164779,卖盘
10:30:15,18.94,0.01,170,321918,卖盘
10:30:18,18.95,0.01,162,306909,买盘
10:30:21,18.95,0.0,61,115566,买盘
10:30:24,18.95,0.0,293,555191,买盘
10:30:27,18.95,0.0,1191,2256742,买盘
10:30:30,18.95,0.0,496,939531,卖盘
10:30:33,18.96,0.01,477,904191,买盘
10:30:36,18.95,-0.01,181,342862,中性盘
10:30:39,18.96,0.01,23,43595,买盘
10:30:42,18.96,0.0,44,83385,买盘
10:30:45,18.96,0.0,355,673062,买盘
10:30:48,18.96,0.0,202,382992,买盘
10:30:51,18.97,0.01,200,379325,买盘
10:30:54,18.97,0.0,56,106228,买盘
10:30:57,18.97,0.0,292,553704,卖盘
10:31:00,18.97,0.0,218,413444,买盘
10:31:03,18.95,-0.02,57,108048,卖盘
10:31:06,18.96,0.01,196,371617,买盘
10:31:09,18.97,0.01,65,123283,买盘
10:31:12,18.97,0.0,171,324326,买盘
10:31:15,18.97,0.0,126,239024,买盘
10:31:18,18.97,0.0,251,476119,卖盘
10:31:21,18.97,0.0,100,189729,卖盘
10:31:24,18.97,0.0,61,115719,卖盘
10:31:27,18.97,0.0,72,136591,卖盘
10:31:30,18.97,0.0,75,142275,卖盘
10:31:33,18.97,0.0,150,284561,卖盘
10:31:36,18.97,0.0,107,202996,卖盘
10:31:39,18.98,0.01,136,258038,买盘
10:31:42,18.97,-0.01,109,206844,卖盘
10:31:45,18.98,0.01,145,275165,买盘
10:31:48,19.0,0.02,1174,2229154,买盘
10:31:51,19.0,0.0,138,262172,买盘
10:31:54,19.0,0.0,2851,5416895,买盘
10:31:57,19.0,0.0,759,1441717,买盘
10:32:00,19.0,0.0,36,68398,卖盘
10:32:03,19.0,0.0,135,256544,卖盘
10:32:06,19.0,0.0,1101,2092905,卖盘
10:32:09,19.0,0.0,879,1670318,卖盘
10:32:12,19.0,0.0,497,944063,买盘
10:32:15,19.0,0.0,390,740920,买盘
10:32:18,19.0,0.0,191,362883,买盘
10:32:21,18.99,-0.01,165,313311,中性盘
10:32:24,18.98,-0.01,98,186054,卖盘
10:32:27,18.98,0.0,52,98716,卖盘
10:32:30,18.99,0.01,281,533448,买盘
10:32:33,18.97,-0.02,898,1704396,卖盘
10:32:36,18.97,0.0,207,392658,卖盘
10:32:39,18.97,0.0,65,123299,买盘
10:32:42,18.96,-0.01,226,428623,卖盘
10:32:45,18.97,0.01,186,352797,买盘
10:32:48,18.97,0.0,176,333875,卖盘
10:32:51,18.97,0.0,187,354720,卖盘
10:32:54,18.97,0.0,431,817888,买盘
10:32:57,18.98,0.01,283,536714,买盘
10:33:00,18.97,-0.01,56,106249,卖盘
10:33:03,18.97,0.0,217,411700,卖盘
10:33:06,18.97,0.0,67,127111,卖盘
10:33:09,18.97,0.0,348,660312,卖盘
10:33:12,18.98,0.01,92,174563,买盘
10:33:15,18.98,0.0,90,170811,买盘
10:33:18,18.98,0.0,801,1520026,买盘
10:33:21,18.97,-0.01,182,345424,卖盘
10:33:24,18.98,0.01,191,362493,买盘
10:33:27,18.98,0.0,71,134794,买盘
10:33:30,18.98,0.0,48,91106,卖盘
10:33:33,18.98,0.0,447,848167,卖盘
10:33:36,18.99,0.01,50,94908,买盘
10:33:39,18.99,0.0,61,115828,买盘
10:33:42,18.99,0.0,55,104429,买盘
10:33:45,18.99,0.0,414,786159,买盘
10:33:48,18.99,0.0,104,197439,买盘
10:33:51,18.99,0.0,97,184203,买盘
10:33:54,18.99,0.0,580,1101632,买盘
10:33:57,18.99,0.0,225,427273,买盘
10:34:00,18.98,-0.01,130,246859,卖盘
10:34:03,18.98,0.0,325,617023,卖盘
10:34:06,18.99,0.01,303,575238,买盘
10:34:09,18.99,0.0,60,113931,买盘
10:34:12,18.98,-0.01,54,102537,卖盘
10:34:15,18.98,0.0,753,1429335,卖盘
10:34:18,18.98,0.0,64,121462,买盘
10:34:21,18.97,-0.01,37,70208,卖盘
10:34:24,18.98,0.01,52,98674,买盘
10:34:27,18.97,-0.01,336,637675,卖盘
10:34:30,18.98,0.01,137,259929,买盘
10:34:33,18.97,-0.01,31,58817,卖盘
10:34:36,18.97,0.0,76,144235,卖盘
10:34:39,18.97,0.0,1181,2240362,卖盘
10:34:42,18.97,0.0,39,73965,买盘
10:34:45,18.96,-0.01,350,663600,卖盘
10:34:48,18.96,0.0,60,113757,买盘
10:34:51,18.96,0.0,103,195261,买盘
10:34:54,18.95,-0.01,20,37911,卖盘
10:34:57,18.95,0.0,192,363963,卖盘
10:35:00,18.96,0.01,736,1394709,买盘
10:35:03,18.95,-0.01,15,28426,卖盘
10:35:06,18.95,0.0,96,181920,卖盘
10:35:09,18.95,0.0,380,719741,买盘
10:35:12,18.94,-0.01,58,109857,买盘
10:35:15,18.93,-0.01,18,34089,卖盘
10:35:18,18.93,0.0,47,89014,卖盘
10:35:21,18.94,0.01,1413,2677292,买盘
10:35:24,18.94,0.0,435,823903,买盘
10:35:27,18.94,0.0,49,92775,买盘
10:35:30,18.94,0.0,31,58722,卖盘
10:35:33,18.94,0.0,256,484798,卖盘
10:35:36,18.94,0.0,42,79546,买盘
10:35:39,18.93,-0.01,33,62491,卖盘
10:35:42,18.95,0.02,295,558938,买盘
10:35:45,18.95,0.0,28,53057,买盘
10:35:48,18.95,0.0,33,62534,买盘
10:35:51,18.95,0.0,79,149692,买盘
10:35:54,18.95,0.0,90,170509,买盘
10:35:57,18.95,0.0,11,20845,买盘
10:36:00,18.95,0.0,129,244555,卖盘
10:36:03,18.95,0.0,142,269009,卖盘
10:36:06,18.95,0.0,59,111805,卖盘
10:36:09,18.96,0.01,84,159188,买盘
10:36:12,18.96,0.0,117,221767,买盘
10:36:15,18.96,0.0,65,123225,买盘
10:36:18,18.95,-0.01,81,153500,卖盘
10:36:21,18.95,0.0,62,117493,卖盘
10:36:24,18.96,0.01,303,574466,买盘
10:36:27,18.95,-0.01,360,682066,卖盘
10:36:30,18.96,0.01,37,70118,买盘
10:36:33,18.95,-0.01,82,155411,卖盘
10:36:36,18.95,0.0,81,153496,卖盘
10:36:39,18.95,0.0,497,941847,卖盘
10:36:42,18.96,0.01,68,128904,买盘
10:36:45,18.95,-0.01,55,104273,卖盘
10:36:48,18.95,0.0,179,339209,卖盘
10:36:51,18.95,0.0,86,162984,卖盘
10:36:54,18.95,0.0,43,81493,卖盘
10:36:57,18.95,0.0,43,81502,卖盘
10:37:00,18.95,0.0,47,89072,卖盘
10:37:03,18.95,0.0,206,390381,卖盘
10:37:06,18.95,0.0,98,185778,卖盘
10:37:09,18.96,0.01,144,272908,买盘
10:37:12,18.96,0.0,154,291891,买盘
10:37:15,18.96,0.0,5,9480,买盘
10:37:18,18.95,-0.01,375,710798,卖盘
10:37:21,18.96,0.01,84,159227,买盘
10:37:24,18.96,0.0,8,15165,买盘
10:37:27,18.96,0.0,130,246480,买盘
10:37:30,18.96,0.0,108,204768,买盘
10:37:33,18.96,0.0,380,720456,买盘
10:37:36,18.96,0.0,68,128926,买盘
10:37:39,18.96,0.0,57,108065,买盘
10:37:42,18.96,0.0,104,197173,买盘
10:37:45,18.96,0.0,206,390576,买盘
10:37:48,18.96,0.0,358,678648,卖盘
10:37:51,18.96,0.0,277,525358,买盘
10:37:54,18.96,0.0,36,68258,买盘
10:37:57,18.97,0.01,80,151713,买盘
10:38:00,18.97,0.0,141,267439,买盘
10:38:03,18.96,-0.01,24,45515,卖盘
10:38:06,18.96,0.0,452,856992,卖盘
10:38:09,18.97,0.01,364,690058,买盘
10:38:12,18.96,-0.01,87,165011,卖盘
10:38:15,18.97,0.01,110,208670,买盘
10:38:18,18.96,-0.01,145,275039,卖盘
10:38:21,18.97,0.01,89,168762,买盘
10:38:24,18.96,-0.01,132,250390,卖盘
10:38:27,18.96,0.0,241,457041,卖盘
10:38:30,18.97,0.01,42,79676,买盘
10:38:33,18.97,0.0,136,257922,卖盘
10:38:36,18.97,0.0,133,252301,买盘
10:38:39,18.97,0.0,52,98648,卖盘
10:38:42,18.98,0.01,111,210608,买盘
10:38:45,18.97,-0.01,41,77809,卖盘
10:38:48,18.97,0.0,22,41748,卖盘
10:38:51,18.97,0.0,11,20877,卖盘
10:38:54,18.98,0.01,105,199234,买盘
10:38:57,18.98,0.0,64,121452,买盘
10:39:00,18.97,-0.01,82,155623,卖盘
10:39:03,18.98,0.01,137,259970,买盘
10:39:06,18.97,-0.01,61,115775,卖盘
10:39:09,18.99,0.02,2193,4163069,买盘
10:39:12,19.0,0.01,3638,6912543,买盘
10:39:15,19.01,0.01,25,47520,买盘
10:39:18,19.01,0.0,111,210982,买盘
10:39:21,19.01,0.0,252,479017,买盘
10:39:24,19.01,0.0,125,237582,买盘
10:39:27,19.01,0.0,263,499810,买盘
10:39:30,19.0,-0.01,185,351658,卖盘
10:39:33,19.0,0.0,538,1022621,卖盘
10:39:36,19.01,0.01,1882,3577598,买盘
10:39:39,19.01,0.0,202,383975,买盘
10:39:42,19.01,0.0,448,851601,买盘
10:39:45,19.01,0.0,627,1192668,买盘
10:39:48,19.03,0.02,4962,9439395,买盘
10:39:51,19.05,0.02,1735,3303252,买盘
10:39:54,19.07,0.02,5926,11291630,买盘
10:39:57,19.07,0.0,766,1459644,买盘
10:40:00,19.07,0.0,1426,2718473,买盘
10:40:03,19.07,0.0,767,1462333,买盘
10:40:06,19.07,0.0,866,1651023,买盘
10:40:09,19.07,0.0,1932,3682996,买盘
10:40:12,19.06,-0.01,757,1443313,中性盘
10:40:15,19.05,-0.01,751,1431412,卖盘
10:40:18,19.05,0.0,314,598510,卖盘
10:40:21,19.05,0.0,1093,2082723,卖盘
10:40:24,19.05,0.0,166,316138,买盘
10:40:27,19.05,0.0,187,356210,买盘
10:40:30,19.05,0.0,167,318061,买盘
10:40:33,19.04,-0.01,455,866494,卖盘
10:40:36,19.03,-0.01,260,494926,卖盘
10:40:39,19.04,0.01,332,632082,买盘
10:40:42,19.02,-0.02,240,456702,卖盘
10:40:45,19.03,0.01,393,747842,买盘
10:40:48,19.02,-0.01,450,856279,卖盘
10:40:51,19.02,0.0,327,621869,卖盘
10:40:54,19.02,0.0,177,336654,买盘
10:40:57,19.01,-0.01,157,298618,卖盘
10:41:00,19.02,0.01,160,304294,买盘
10:41:03,19.02,0.0,308,585772,买盘
10:41:06,19.02,0.0,535,1017481,卖盘
10:41:09,19.0,-0.02,1226,2329810,卖盘
10:41:12,19.01,0.01,393,746807,买盘
10:41:15,19.0,-0.01,204,387680,中性盘
10:41:18,19.0,0.0,599,1137639,买盘
10:41:21,19.0,0.0,146,277367,买盘
10:41:24,19.0,0.0,159,301949,买盘
10:41:27,18.99,-0.01,278,527957,卖盘
10:41:30,18.99,0.0,126,239273,买盘
10:41:33,18.98,-0.01,100,189897,卖盘
10:41:36,18.99,0.01,73,138579,买盘
10:41:39,18.98,-0.01,190,360739,卖盘
10:41:42,18.99,0.01,110,208876,买盘
10:41:45,18.99,0.0,246,467106,买盘
10:41:48,18.98,-0.01,120,227790,卖盘
10:41:51,18.99,0.01,400,759263,买盘
10:41:54,18.98,-0.01,548,1041022,卖盘
10:41:57,18.98,0.0,150,284771,卖盘
10:42:00,18.98,0.0,50,94925,卖盘
10:42:03,18.99,0.01,73,138581,买盘
10:42:06,18.99,0.0,276,524036,买盘
10:42:09,18.99,0.0,69,131021,买盘
10:42:12,18.99,0.0,1350,2563244,买盘
10:42:15,18.99,0.0,33,62668,卖盘
10:42:18,19.0,0.01,465,883029,买盘
10:42:21,18.99,-0.01,228,432972,卖盘
10:42:24,19.0,0.01,302,573635,买盘
10:42:27,19.0,0.0,524,995217,买盘
10:42:30,18.99,-0.01,349,662842,卖盘
10:42:33,18.99,0.0,73,138685,卖盘
10:42:36,19.0,0.01,119,226109,买盘
10:42:39,19.0,0.0,306,581356,卖盘
10:42:42,19.0,0.0,60,114025,卖盘
10:42:45,19.0,0.0,290,551157,卖盘
10:42:48,19.0,0.0,785,1491547,卖盘
10:42:51,18.99,-0.01,915,1738614,卖盘
10:42:54,19.0,0.01,172,326792,买盘
10:42:57,19.0,0.0,145,275437,买盘
10:43:00,19.0,0.0,359,682071,买盘
10:43:03,19.0,0.0,401,761699,买盘
10:43:06,19.0,0.0,161,305899,买盘
10:43:09,18.99,-0.01,242,459799,卖盘
10:43:12,19.0,0.01,85,161498,买盘
10:43:15,19.0,0.0,72,136795,买盘
10:43:18,18.99,-0.01,469,891099,卖盘
10:43:21,19.0,0.01,168,319194,买盘
10:43:24,18.99,-0.01,204,387567,卖盘
10:43:27,19.0,0.01,169,320990,买盘
10:43:30,19.0,0.0,211,400898,买盘
10:43:33,19.0,0.0,331,628880,买盘
10:43:36,18.99,-0.01,1315,2497524,卖盘
10:43:39,19.0,0.01,493,936268,买盘
10:43:42,18.99,-0.01,174,330428,卖盘
10:43:45,18.99,0.0,129,244971,买盘
10:43:48,18.99,0.0,72,136727,买盘
10:43:51,18.99,0.0,81,153783,买盘
10:43:54,18.99,0.0,348,660932,买盘
10:43:57,18.99,0.0,209,396786,卖盘
10:44:00,18.99,0.0,151,286728,卖盘
10:44:03,18.99,0.0,1963,3726305,买盘
10:44:06,18.99,0.0,147,279148,买盘
10:44:09,18.99,0.0,412,782100,买盘
10:44:12,18.98,-0.01,146,277108,卖盘
10:44:15,18.98,0.0,1072,2034095,买盘
10:44:18,18.97,-0.01,616,1169112,卖盘
10:44:21,18.97,0.0,579,1098189,卖盘
10:44:24,18.97,0.0,108,204898,买盘
10:44:27,18.96,-0.01,46,87277,卖盘
10:44:30,18.97,0.01,48,91036,卖盘
10:44:33,18.98,0.01,95,180289,买盘
10:44:36,18.97,-0.01,400,758666,卖盘
10:44:39,18.97,0.0,112,212533,买盘
10:44:42,18.96,-0.01,530,1004922,卖盘
10:44:45,18.96,0.0,87,164908,买盘
10:44:48,18.96,0.0,227,430203,买盘
10:44:51,18.96,0.0,306,580272,买盘
10:44:54,18.96,0.0,24,45505,买盘
10:44:57,18.96,0.0,92,174467,买盘
10:45:00,18.96,0.0,140,265453,卖盘
10:45:03,18.96,0.0,48,91020,卖盘
10:45:06,18.96,0.0,174,329904,卖盘
10:45:09,18.97,0.01,117,221838,买盘
10:45:12,18.96,-0.01,260,493192,卖盘
10:45:15,18.95,-0.01,578,1095811,卖盘
10:45:18,18.96,0.01,285,540131,买盘
10:45:21,18.95,-0.01,144,272942,卖盘
10:45:24,18.95,0.0,302,572513,卖盘
10:45:27,18.96,0.01,192,363931,买盘
10:45:30,18.96,0.0,120,227408,买盘
10:45:33,18.94,-0.02,2074,3928891,卖盘
10:45:36,18.92,-0.02,1695,3208395,卖盘
10:45:39,18.93,0.01,106,200657,买盘
10:45:42,18.93,0.0,427,808273,买盘
10:45:45,18.93,0.0,567,1072904,买盘
10:45:48,18.93,0.0,746,1412173,买盘
10:45:51,18.92,-0.01,492,931280,卖盘
10:45:54,18.93,0.01,278,526247,买盘
10:45:57,18.93,0.0,52,98437,卖盘
10:46:00,18.93,0.0,62,117420,卖盘
10:46:03,18.93,0.0,122,230946,卖盘
10:46:06,18.94,0.01,906,1716016,买盘
10:46:09,18.94,0.0,49,92827,卖盘
10:46:12,18.95,0.01,28,53055,买盘
10:46:15,18.94,-0.01,42,79564,卖盘
10:46:18,18.94,0.0,693,1312594,卖盘
10:46:21,18.94,0.0,484,916670,卖盘
10:46:24,18.94,0.0,497,941287,卖盘
10:46:27,18.94,0.0,119,225386,买盘
10:46:30,18.94,0.0,78,147684,买盘
10:46:33,18.94,0.0,226,428031,买盘
10:46:36,18.94,0.0,50,94690,买盘
10:46:39,18.94,0.0,161,304934,买盘
10:46:42,18.93,-0.01,2187,4139930,卖盘
10:46:45,18.93,0.0,169,319881,买盘
10:46:48,18.92,-0.01,179,338794,卖盘
10:46:51,18.92,0.0,516,976275,卖盘
10:46:54,18.92,0.0,40,75686,卖盘
10:46:57,18.93,0.01,91,172179,买盘
10:47:00,18.92,-0.01,581,1099252,卖盘
10:47:03,18.92,0.0,242,457736,买盘
10:47:06,18.93,0.01,402,760589,买盘
10:47:09,18.92,-0.01,210,397320,卖盘
10:47:12,18.92,0.0,105,198670,卖盘
10:47:15,18.92,0.0,293,554326,买盘
10:47:18,18.92,0.0,137,259179,买盘
10:47:21,18.92,0.0,67,126754,买盘
10:47:24,18.91,-0.01,131,247742,卖盘
10:47:27,18.92,0.01,24,45407,买盘
10:47:30,18.91,-0.01,43,81345,卖盘
10:47:33,18.91,0.0,37,69997,卖盘
10:47:36,18.92,0.01,73,138085,买盘
10:47:39,18.91,-0.01,62,117250,卖盘
10:47:42,18.92,0.01,173,327310,买盘
10:47:45,18.91,-0.01,87,164581,卖盘
10:47:48,18.92,0.01,555,1049589,买盘
10:47:51,18.91,-0.01,44,83207,卖盘
10:47:54,18.92,0.01,800,1512925,买盘
10:47:57,18.91,-0.01,775,1466037,卖盘
10:48:00,18.91,0.0,233,440800,卖盘
10:48:03,18.92,0.01,192,363146,买盘
10:48:06,18.91,-0.01,474,896775,卖盘
10:48:09,18.92,0.01,178,336675,买盘
10:48:12,18.91,-0.01,1408,2662538,卖盘
10:48:15,18.91,0.0,192,363072,买盘
10:48:18,18.91,0.0,262,495442,买盘
10:48:21,18.91,0.0,1397,2640502,买盘
10:48:24,18.91,0.0,162,306247,买盘
10:48:27,18.91,0.0,120,226899,买盘
10:48:30,18.91,0.0,33,62393,买盘
10:48:33,18.91,0.0,51,96441,卖盘
10:48:36,18.91,0.0,97,183427,卖盘
10:48:39,18.91,0.0,187,353788,卖盘
10:48:42,18.91,0.0,144,272317,卖盘
10:48:45,18.91,0.0,293,554302,卖盘
10:48:48,18.92,0.01,74,139964,买盘
10:48:51,18.92,0.0,602,1138959,买盘
10:48:54,18.92,0.0,512,968505,卖盘
10:48:57,18.92,0.0,144,272437,买盘
10:49:00,18.93,0.01,49,92725,买盘
10:49:03,18.92,-0.01,691,1307974,卖盘
10:49:06,18.93,0.01,2,3786,中性盘
10:49:09,18.93,0.0,539,1019816,卖盘
10:49:12,18.93,0.0,150,284087,卖盘
10:49:15,18.94,0.01,55,104170,买盘
10:49:18,18.93,-0.01,226,427878,卖盘
10:49:21,18.94,0.01,71,134428,买盘
10:49:24,18.93,-0.01,75,141993,卖盘
10:49:27,18.93,0.0,526,995725,卖盘
10:49:30,18.93,0.0,64,121152,买盘
10:49:33,18.93,0.0,562,1063793,买盘
10:49:36,18.93,0.0,36,68151,卖盘
10:49:39,18.93,0.0,66,124932,买盘
10:49:42,18.93,0.0,172,325596,买盘
10:49:45,18.91,-0.02,1614,3053120,卖盘
10:49:48,18.91,0.0,181,342413,卖盘
10:49:51,18.92,0.01,51,96486,买盘
10:49:54,18.92,0.0,13,24596,买盘
10:49:57,18.91,-0.01,76,143771,卖盘
10:50:00,18.91,0.0,46,87023,卖盘
10:50:03,18.91,0.0,162,306386,卖盘
10:50:06,18.91,0.0,989,1870199,卖盘
10:50:09,18.91,0.0,94,177742,买盘
10:50:12,18.91,0.0,265,501111,买盘
10:50:15,18.91,0.0,122,230697,买盘
10:50:18,18.91,0.0,109,206086,卖盘
10:50:21,18.9,-0.01,2128,4022012,卖盘
10:50:24,18.9,0.0,908,1716228,卖盘
10:50:27,18.88,-0.02,6263,11833680,卖盘
10:50:30,18.88,0.0,91,171851,卖盘
10:50:33,18.89,0.01,142,267901,买盘
10:50:36,18.88,-0.01,1495,2822767,卖盘
10:50:39,18.87,-0.01,622,1173798,卖盘
10:50:42,18.87,0.0,743,1402192,卖盘
10:50:45,18.86,-0.01,237,447144,卖盘
10:50:48,18.86,0.0,132,248988,卖盘
10:50:51,18.87,0.01,314,592238,买盘
10:50:54,18.86,-0.01,182,343273,卖盘
10:50:57,18.86,0.0,436,822442,卖盘
10:51:00,18.87,0.01,136,256602,买盘
10:51:03,18.87,0.0,3113,5874097,买盘
10:51:06,18.87,0.0,63,118892,卖盘
10:51:09,18.88,0.01,118,222713,买盘
10:51:12,18.88,0.0,824,1555218,买盘
10:51:15,18.88,0.0,326,615474,买盘
10:51:18,18.88,0.0,350,660716,买盘
10:51:21,18.88,0.0,371,700141,买盘
10:51:24,18.88,0.0,129,243663,卖盘
10:51:27,18.88,0.0,60,113330,卖盘
10:51:30,18.88,0.0,209,394785,卖盘
10:51:33,18.89,0.01,210,396679,买盘
10:51:36,18.89,0.0,160,302232,买盘
10:51:39,18.89,0.0,194,366466,卖盘
10:51:42,18.9,0.01,282,532970,买盘
10:51:45,18.89,-0.01,97,183239,卖盘
10:51:48,18.89,0.0,291,549870,卖盘
10:51:51,18.9,0.01,82,154975,买盘
10:51:54,18.9,0.0,64,120904,买盘
10:51:57,18.89,-0.01,616,1163710,卖盘
10:52:00,18.9,0.01,53,100165,买盘
10:52:03,18.89,-0.01,46,86922,卖盘
10:52:06,18.9,0.01,139,262699,买盘
10:52:09,18.9,0.0,328,619890,买盘
10:52:12,18.9,0.0,126,238043,买盘
10:52:15,18.9,0.0,197,372317,买盘
10:52:18,18.9,0.0,77,145530,卖盘
10:52:21,18.9,0.0,24,45362,卖盘
10:52:24,18.9,0.0,31,58590,卖盘
10:52:27,18.9,0.0,750,1417895,卖盘
10:52:30,18.91,0.01,109,206115,买盘
10:52:33,18.9,-0.01,14,26464,卖盘
10:52:36,18.91,0.01,105,198539,买盘
10:52:39,18.91,0.0,12,22682,买盘
10:52:42,18.9,-0.01,249,470766,卖盘
10:52:45,18.91,0.01,82,155018,买盘
10:52:48,18.9,-0.01,90,170168,卖盘
10:52:51,18.91,0.01,662,1251216,买盘
10:52:54,18.9,-0.01,91,172001,卖盘
10:52:57,18.9,0.0,50,94500,买盘
10:53:00,18.91,0.01,331,625805,买盘
10:53:03,18.9,-0.01,191,360900,卖盘
10:53:06,18.9,0.0,119,224990,买盘
10:53:09,18.9,0.0,24,45362,卖盘
10:53:12,18.9,0.0,192,362910,卖盘
10:53:15,18.91,0.01,109,206056,买盘
10:53:18,18.9,-0.01,7,13231,卖盘
10:53:21,18.9,0.0,288,544445,卖盘
10:53:24,18.91,0.01,247,466867,买盘
10:53:27,18.91,0.0,141,266531,买盘
10:53:30,18.91,0.0,100,189095,买盘
10:53:33,18.9,-0.01,49,92626,卖盘
10:53:36,18.91,0.01,184,347955,买盘
10:53:39,18.91,0.0,261,493517,买盘
10:53:42,18.91,0.0,68,128573,买盘
10:53:45,18.91,0.0,12,22692,买盘
10:53:48,18.91,0.0,120,226900,买盘
10:53:51,18.91,0.0,42,79421,买盘
10:53:54,18.91,0.0,67,126697,买盘
10:53:57,18.91,0.0,97,183424,买盘
10:54:00,18.91,0.0,32,60512,买盘
10:54:03,18.9,-0.01,1995,3769751,卖盘
10:54:06,18.9,0.0,360,680198,买盘
10:54:09,18.89,-0.01,8,15118,卖盘
10:54:12,18.9,0.01,67,126594,买盘
10:54:15,18.9,0.0,289,545929,买盘
10:54:18,18.9,0.0,72,136058,买盘
10:54:21,18.9,0.0,67,126600,买盘
10:54:24,18.9,0.0,60,113323,买盘
10:54:27,18.9,0.0,13,24563,买盘
10:54:30,18.9,0.0,65,122812,买盘
10:54:33,18.89,-0.01,61,115254,卖盘
10:54:36,18.89,0.0,172,325076,卖盘
10:54:39,18.89,0.0,34,64250,卖盘
10:54:42,18.9,0.01,117,221126,买盘
10:54:45,18.9,0.0,141,266469,买盘
10:54:48,18.89,-0.01,45,85032,卖盘
10:54:51,18.9,0.01,165,311839,买盘
10:54:54,18.89,-0.01,11,20780,卖盘
10:54:57,18.89,0.0,2235,4221949,卖盘
10:55:00,18.88,-0.01,85,160510,卖盘
10:55:03,18.88,0.0,251,473890,卖盘
10:55:06,18.89,0.01,63,118976,买盘
10:55:09,18.89,0.0,493,930830,买盘
10:55:12,18.88,-0.01,530,1000882,卖盘
10:55:15,18.89,0.01,49,92584,买盘
10:55:18,18.89,0.0,48,90672,卖盘
10:55:21,18.89,0.0,100,188900,买盘
10:55:24,18.89,0.0,367,692924,买盘
10:55:27,18.88,-0.01,51,96319,卖盘
10:55:30,18.89,0.01,52,98217,买盘
10:55:33,18.89,0.0,46,86888,买盘
10:55:36,18.89,0.0,111,209679,买盘
10:55:39,18.89,0.0,31,58542,买盘
10:55:42,18.88,-0.01,11,20770,卖盘
10:55:45,18.89,0.01,195,368281,买盘
10:55:48,18.88,-0.01,431,813780,卖盘
10:55:51,18.88,0.0,1073,2025684,卖盘
10:55:54,18.88,0.0,39,73634,卖盘
10:55:57,18.88,0.0,413,780366,卖盘
10:56:00,18.88,0.0,37,69856,买盘
10:56:03,18.88,0.0,156,294411,买盘
10:56:06,18.88,0.0,66,124606,买盘
10:56:09,18.88,0.0,98,184984,买盘
10:56:12,18.88,0.0,89,168004,买盘
10:56:15,18.88,0.0,25,47198,买盘
10:56:18,18.88,0.0,58,109466,买盘
10:56:21,18.88,0.0,111,209558,买盘
10:56:24,18.88,0.0,114,215177,买盘
10:56:27,18.88,0.0,13,24544,买盘
10:56:30,18.88,0.0,70,132148,买盘
10:56:33,18.87,-0.01,103,194405,卖盘
10:56:36,18.87,0.0,342,645394,卖盘
10:56:39,18.87,0.0,103,194387,卖盘
10:56:42,18.87,0.0,3356,6332796,卖盘
10:56:45,18.87,0.0,152,286893,卖盘
10:56:48,18.87,0.0,59,111354,卖盘
10:56:51,18.87,0.0,469,885011,卖盘
10:56:54,18.87,0.0,144,271732,买盘
10:56:57,18.86,-0.01,48,90554,卖盘
10:57:00,18.87,0.01,243,458444,买盘
10:57:03,18.86,-0.01,175,330120,卖盘
10:57:06,18.87,0.01,227,428291,买盘
10:57:09,18.86,-0.01,130,245198,卖盘
10:57:12,18.87,0.01,264,498056,买盘
10:57:15,18.87,0.0,86,162246,买盘
10:57:18,18.87,0.0,2078,3921086,买盘
10:57:21,18.88,0.01,81,152852,买盘
10:57:24,18.88,0.0,263,496309,买盘
10:57:27,18.88,0.0,238,449208,买盘
10:57:30,18.88,0.0,129,243537,买盘
10:57:33,18.87,-0.01,72,135904,卖盘
10:57:36,18.88,0.01,87,164222,买盘
10:57:39,18.88,0.0,334,630574,买盘
10:57:42,18.88,0.0,71,133399,买盘
10:57:45,18.88,0.0,3,5664,卖盘
10:57:48,18.88,0.0,17,32099,卖盘
10:57:51,18.88,0.0,18,33998,卖盘
10:57:54,18.88,0.0,61,115215,卖盘
10:57:57,18.88,0.0,395,745803,卖盘
10:58:00,18.88,0.0,16,30219,卖盘
10:58:03,18.88,0.0,82,154836,卖盘
10:58:06,18.89,0.01,1938,3660837,买盘
10:58:09,18.9,0.01,130,245691,买盘
10:58:12,18.91,0.01,22,41584,买盘
10:58:15,18.9,-0.01,124,234347,卖盘
10:58:18,18.91,0.01,182,344162,买盘
10:58:21,18.92,0.01,69,130505,买盘
10:58:24,18.92,0.0,82,155094,买盘
10:58:27,18.91,-0.01,74,140004,卖盘
10:58:30,18.92,0.01,56,105928,买盘
10:58:33,18.92,0.0,56,105932,买盘
10:58:36,18.92,0.0,32,60543,买盘
10:58:39,18.92,0.0,243,459749,买盘
10:58:42,18.92,0.0,184,348125,买盘
10:58:45,18.92,0.0,290,548680,买盘
10:58:48,18.92,0.0,6,11352,买盘
10:58:51,18.91,-0.01,133,251544,卖盘
10:58:54,18.91,0.0,93,175909,卖盘
10:58:57,18.91,0.0,22,41602,卖盘
10:59:00,18.92,0.01,27,51072,买盘
10:59:03,18.92,0.0,835,1579752,买盘
10:59:06,18.92,0.0,241,455726,买盘
10:59:09,18.91,-0.01,137,259124,卖盘
10:59:12,18.92,0.01,11,20811,买盘
10:59:15,18.92,0.0,35,66203,买盘
10:59:18,18.92,0.0,46,87017,买盘
10:59:21,18.92,0.0,26,49192,买盘
10:59:24,18.92,0.0,31,58652,买盘
10:59:27,18.92,0.0,238,450308,买盘
10:59:30,18.91,-0.01,21,39728,卖盘
10:59:33,18.93,0.02,67,126815,买盘
10:59:36,18.92,-0.01,24,45400,卖盘
10:59:39,18.93,0.01,99,187286,买盘
10:59:42,18.93,0.0,71,134390,买盘
10:59:45,18.93,0.0,49,92755,买盘
10:59:48,18.93,0.0,5,9462,买盘
10:59:51,18.93,0.0,102,193086,买盘
10:59:54,18.92,-0.01,10,18927,卖盘
10:59:57,18.91,-0.01,226,427692,卖盘
11:00:00,18.92,0.01,40,75700,中性盘
11:00:03,18.92,0.0,48,90816,买盘
11:00:06,18.91,-0.01,477,902045,卖盘
11:00:09,18.92,0.01,28,52966,买盘
11:00:12,18.92,0.0,7,13244,买盘
11:00:15,18.92,0.0,116,219342,买盘
11:00:18,18.92,0.0,44,83235,买盘
11:00:21,18.92,0.0,26,49170,买盘
11:00:24,18.92,0.0,46,87028,买盘
11:00:27,18.92,0.0,30,56760,买盘
11:00:30,18.91,-0.01,5,9459,卖盘
11:00:33,18.92,0.01,24,45408,买盘
11:00:36,18.92,0.0,68,128646,买盘
11:00:39,18.92,0.0,31,58652,卖盘
11:00:42,18.92,0.0,590,1115591,卖盘
11:00:45,18.93,0.01,22,41626,买盘
11:00:48,18.92,-0.01,38,71896,买盘
11:00:51,18.91,-0.01,25,47296,卖盘
11:00:54,18.91,0.0,104,196664,卖盘
11:00:57,18.91,0.0,94,177793,买盘
11:01:00,18.9,-0.01,38,71848,卖盘
11:01:03,18.91,0.01,161,304353,买盘
11:01:06,18.92,0.01,76,143722,买盘
11:01:09,18.91,-0.01,269,508434,中性盘
11:01:12,18.89,-0.02,932,1760903,卖盘
11:01:15,18.89,0.0,81,153017,卖盘
11:01:18,18.9,0.01,23,43453,买盘
11:01:21,18.89,-0.01,50,94450,买盘
11:01:24,18.89,0.0,173,326797,买盘
11:01:27,18.88,-0.01,132,249346,卖盘
11:01:30,18.88,0.0,8,15107,卖盘
11:01:33,18.89,0.01,75,141671,买盘
11:01:36,18.89,0.0,22,41538,买盘
11:01:39,18.88,-0.01,48,90668,卖盘
11:01:42,18.89,0.01,33,62331,买盘
11:01:45,18.88,-0.01,14,26434,卖盘
11:01:48,18.88,0.0,16,30208,卖盘
11:01:51,18.88,0.0,33,62324,卖盘
11:01:54,18.88,0.0,2024,3821348,卖盘
11:01:57,18.88,0.0,25,47200,买盘
11:02:00,18.88,0.0,11,20768,买盘
11:02:03,18.87,-0.01,3323,6270514,卖盘
11:02:06,18.86,-0.01,3412,6437977,卖盘
11:02:09,18.87,0.01,93,175410,买盘
11:02:12,18.86,-0.01,62,116984,卖盘
11:02:15,18.86,0.0,146,275389,卖盘
11:02:18,18.86,0.0,33,62264,卖盘
11:02:21,18.87,0.01,2043,3855151,买盘
11:02:24,18.87,0.0,132,249107,卖盘
11:02:27,18.87,0.0,34,64169,卖盘
11:02:30,18.87,0.0,78,147223,卖盘
11:02:33,18.88,0.01,62,117017,买盘
11:02:36,18.88,0.0,152,286910,买盘
11:02:39,18.88,0.0,68,128339,买盘
11:02:42,18.87,-0.01,68,128209,卖盘
11:02:45,18.87,0.0,46,86816,卖盘
11:02:48,18.87,0.0,391,737888,卖盘
11:02:51,18.87,0.0,28,52841,卖盘
11:02:54,18.88,0.01,29,54752,买盘
11:02:57,18.87,-0.01,294,554803,卖盘
11:03:00,18.87,0.0,6,11322,卖盘
11:03:03,18.87,0.0,88,166087,卖盘
11:03:06,18.87,0.0,205,386862,卖盘
11:03:09,18.87,0.0,58,109468,卖盘
11:03:12,18.88,0.01,16,30208,买盘
11:03:15,18.88,0.0,59,111390,买盘
11:03:18,18.87,-0.01,193,364229,卖盘
11:03:21,18.87,0.0,653,1232839,卖盘
11:03:24,18.88,0.01,63,118919,买盘
11:03:27,18.88,0.0,76,143453,买盘
11:03:30,18.87,-0.01,84,158550,卖盘
11:03:33,18.87,0.0,53,100062,卖盘
11:03:36,18.88,0.01,37,69840,买盘
11:03:39,18.88,0.0,71,134035,买盘
11:03:42,18.88,0.0,168,317127,买盘
11:03:45,18.88,0.0,74,139685,买盘
11:03:48,18.88,0.0,42,79288,买盘
11:03:51,18.88,0.0,149,281271,买盘
11:03:54,18.88,0.0,216,407807,买盘
11:03:57,18.88,0.0,279,526736,买盘
11:04:00,18.88,0.0,1803,3404064,买盘
11:04:03,18.88,0.0,556,1049631,买盘
11:04:06,18.88,0.0,683,1289489,买盘
11:04:09,18.89,0.01,438,826971,买盘
11:04:12,18.88,-0.01,168,317184,卖盘
11:04:15,18.89,0.01,20,37780,买盘
11:04:18,18.89,0.0,271,512139,买盘
11:04:21,18.89,0.0,55,103895,买盘
11:04:24,18.89,0.0,36,67998,买盘
11:04:27,18.88,-0.01,40,75532,卖盘
11:04:30,18.89,0.01,68,128430,卖盘
11:04:33,18.88,-0.01,62,117120,卖盘
11:04:36,18.9,0.02,130,245608,买盘
11:04:39,18.9,0.0,18,34014,买盘
11:04:42,18.9,0.0,56,105829,买盘
11:04:45,18.9,0.0,36,68040,买盘
11:04:48,18.9,0.0,49,92610,买盘
11:04:51,18.9,0.0,180,340196,买盘
11:04:54,18.9,0.0,139,262710,买盘
11:04:57,18.9,0.0,15,28350,买盘
11:05:00,18.9,0.0,38,71820,买盘
11:05:03,18.9,0.0,145,274000,买盘
11:05:06,18.9,0.0,100,188920,买盘
11:05:09,18.9,0.0,35,66137,买盘
11:05:12,18.89,-0.01,56,105824,卖盘
11:05:15,18.9,0.01,138,260813,买盘
11:05:18,18.89,-0.01,51,96341,卖盘
11:05:21,18.89,0.0,348,657322,卖盘
11:05:24,18.89,0.0,21,39669,买盘
11:05:27,18.88,-0.01,11,20770,卖盘
11:05:30,18.88,0.0,221,417250,卖盘
11:05:33,18.88,0.0,28,52864,卖盘
11:05:36,18.88,0.0,400,755223,卖盘
11:05:39,18.88,0.0,1664,3141227,卖盘
11:05:42,18.88,0.0,21,39640,买盘
11:05:45,18.88,0.0,46,86827,买盘
11:05:48,18.88,0.0,114,215227,买盘
11:05:51,18.88,0.0,187,353056,买盘
11:05:54,18.88,0.0,22,41536,卖盘
11:05:57,18.88,0.0,44,83072,卖盘
11:06:00,18.88,0.0,157,296416,卖盘
11:06:03,18.88,0.0,777,1466259,卖盘
11:06:06,18.88,0.0,10,18880,买盘
11:06:09,18.87,-0.01,770,1453007,卖盘
11:06:12,18.87,0.0,975,1839849,卖盘
11:06:15,18.86,-0.01,134,252969,卖盘
11:06:18,18.87,0.01,352,663971,买盘
11:06:21,18.86,-0.01,185,348935,卖盘
11:06:24,18.86,0.0,2485,4686702,卖盘
11:06:27,18.86,0.0,106,199866,买盘
11:06:30,18.86,0.0,159,299812,买盘
11:06:33,18.86,0.0,27,50924,买盘
11:06:36,18.86,0.0,96,181065,卖盘
11:06:39,18.86,0.0,154,290434,中性盘
11:06:42,18.86,0.0,417,786160,买盘
11:06:45,18.86,0.0,29,54684,买盘
11:06:48,18.85,-0.01,68,128243,卖盘
11:06:51,18.86,0.01,372,701415,买盘
11:06:54,18.86,0.0,226,426205,买盘
11:06:57,18.85,-0.01,802,1511785,卖盘
11:07:00,18.85,0.0,39,73520,卖盘
11:07:03,18.86,0.01,87,164056,买盘
11:07:06,18.85,-0.01,38,71647,卖盘
11:07:09,18.86,0.01,188,354431,买盘
11:07:12,18.86,0.0,67,126329,买盘
11:07:15,18.86,0.0,79,148989,买盘
11:07:18,18.86,0.0,96,181021,买盘
11:07:21,18.85,-0.01,97,182876,卖盘
11:07:24,18.86,0.01,216,407375,买盘
11:07:27,18.86,0.0,34,64104,买盘
11:07:30,18.86,0.0,265,499667,买盘
11:07:33,18.85,-0.01,30,56560,卖盘
11:07:36,18.86,0.01,560,1055748,买盘
11:07:39,18.86,0.0,72,135753,买盘
11:07:42,18.84,-0.02,2002,3773647,卖盘
11:07:45,18.85,0.01,286,538923,买盘
11:07:48,18.84,-0.01,30,56532,卖盘
11:07:51,18.84,0.0,37,69723,卖盘
11:07:54,18.85,0.01,33,62185,买盘
11:07:57,18.84,-0.01,89,167687,卖盘
11:08:00,18.85,0.01,155,292046,买盘
11:08:03,18.84,-0.01,35,65940,卖盘
11:08:06,18.84,0.0,95,178983,卖盘
11:08:09,18.84,0.0,251,472896,卖盘
11:08:12,18.84,0.0,66,124355,卖盘
11:08:15,18.85,0.01,41,77267,买盘
11:08:18,18.84,-0.01,35,65952,卖盘
11:08:21,18.84,0.0,171,322198,卖盘
11:08:24,18.84,0.0,124,233616,买盘
11:08:27,18.84,0.0,46,86656,买盘
11:08:30,18.83,-0.01,149,280624,卖盘
11:08:33,18.83,0.0,701,1320000,卖盘
11:08:36,18.84,0.01,228,429399,买盘
11:08:39,18.83,-0.01,103,193995,卖盘
11:08:42,18.83,0.0,112,210976,卖盘
11:08:45,18.83,0.0,182,342767,卖盘
11:08:48,18.83,0.0,192,361584,卖盘
11:08:51,18.84,0.01,13,24483,中性盘
11:08:54,18.83,-0.01,47,88516,卖盘
11:08:57,18.83,0.0,142,267493,卖盘
11:09:00,18.83,0.0,60,112980,卖盘
11:09:03,18.84,0.01,152,286274,买盘
11:09:06,18.84,0.0,123,231720,买盘
11:09:09,18.84,0.0,98,184637,卖盘
11:09:12,18.85,0.01,37,69715,买盘
11:09:15,18.85,0.0,68,128156,买盘
11:09:18,18.84,-0.01,76,143211,卖盘
11:09:21,18.84,0.0,426,802890,卖盘
11:09:24,18.85,0.01,60,113041,买盘
11:09:27,18.84,-0.01,90,169585,卖盘
11:09:30,18.84,0.0,113,212839,买盘
11:09:33,18.84,0.0,67,126265,卖盘
11:09:36,18.85,0.01,48,90455,买盘
11:09:39,18.84,-0.01,85,160175,卖盘
11:09:42,18.85,0.01,49,92351,买盘
11:09:45,18.84,-0.01,1522,2865808,卖盘
11:09:48,18.84,0.0,90,169558,买盘
11:09:51,18.83,-0.01,87,163882,卖盘
11:09:54,18.84,0.01,232,436896,买盘
11:09:57,18.84,0.0,90,169473,买盘
11:10:00,18.84,0.0,672,1264793,买盘
11:10:03,18.84,0.0,138,259780,买盘
11:10:06,18.84,0.0,158,297540,买盘
11:10:09,18.83,-0.01,60,112990,卖盘
11:10:12,18.83,0.0,54,101668,中性盘
11:10:15,18.83,0.0,28,52727,卖盘
11:10:18,18.83,0.0,116,218443,卖盘
11:10:21,18.82,-0.01,84,158178,卖盘
11:10:24,18.82,0.0,119,224057,卖盘
11:10:27,18.82,0.0,93,175031,卖盘
11:10:30,18.82,0.0,679,1277897,卖盘
11:10:33,18.82,0.0,480,903748,卖盘
11:10:36,18.82,0.0,15,28229,买盘
11:10:39,18.81,-0.01,75,141085,卖盘
11:10:42,18.81,0.0,2719,5114639,卖盘
11:10:45,18.81,0.0,1210,2275933,卖盘
11:10:48,18.8,-0.01,228,428781,卖盘
11:10:51,18.8,0.0,144,270747,卖盘
11:10:54,18.8,0.0,158,297076,卖盘
11:10:57,18.81,0.01,47,88383,买盘
11:11:00,18.79,-0.02,6811,12804689,卖盘
11:11:03,18.79,0.0,228,428448,卖盘
11:11:06,18.8,0.01,594,1116242,买盘
11:11:09,18.79,-0.01,246,462270,卖盘
11:11:12,18.79,0.0,340,639110,卖盘
11:11:15,18.8,0.01,230,432194,买盘
11:11:18,18.79,-0.01,82,154096,卖盘
11:11:21,18.8,0.01,97,182297,买盘
11:11:24,18.8,0.0,115,216108,买盘
11:11:27,18.8,0.0,140,263170,买盘
11:11:30,18.8,0.0,77,144762,卖盘
11:11:33,18.8,0.0,246,462500,卖盘
11:11:36,18.8,0.0,116,218117,卖盘
11:11:39,18.8,0.0,525,987000,卖盘
11:11:42,18.8,0.0,179,336509,买盘
11:11:45,18.8,0.0,86,161680,卖盘
11:11:48,18.8,0.0,57,107160,买盘
11:11:51,18.8,0.0,105,197357,买盘
11:11:54,18.81,0.01,117,220008,买盘
11:11:57,18.8,-0.01,75,141003,卖盘
11:12:00,18.8,0.0,122,229381,卖盘
11:12:03,18.8,0.0,76,142916,卖盘
11:12:06,18.8,0.0,143,268853,卖盘
11:12:09,18.81,0.01,113,212516,买盘
11:12:12,18.8,-0.01,76,142921,卖盘
11:12:15,18.81,0.01,67,126002,买盘
11:12:18,18.81,0.0,62,116600,买盘
11:12:21,18.8,-0.01,139,261381,卖盘
11:12:24,18.81,0.01,1450,2726989,买盘
11:12:27,18.8,-0.01,87,163589,卖盘
11:12:30,18.81,0.01,112,210663,买盘
11:12:33,18.81,0.0,89,167388,买盘
11:12:36,18.81,0.0,148,278382,买盘
11:12:39,18.81,0.0,244,458804,买盘
11:12:42,18.81,0.0,143,268948,买盘
11:12:45,18.8,-0.01,124,233241,卖盘
11:12:48,18.8,0.0,210,395002,卖盘
11:12:51,18.81,0.01,427,803181,买盘
11:12:54,18.81,0.0,1476,2774960,卖盘
11:12:57,18.81,0.0,134,252059,卖盘
11:13:00,18.81,0.0,100,188149,卖盘
11:13:03,18.82,0.01,91,171232,买盘
11:13:06,18.81,-0.01,80,150515,卖盘
11:13:09,18.82,0.01,63,118561,买盘
11:13:12,18.82,0.0,144,270963,买盘
11:13:15,18.81,-0.01,78,146772,卖盘
11:13:18,18.82,0.01,250,470425,买盘
11:13:21,18.82,0.0,17,31994,买盘
11:13:24,18.82,0.0,117,220175,买盘
11:13:27,18.81,-0.01,772,1452141,卖盘
11:13:30,18.81,0.0,262,492805,买盘
11:13:33,18.81,0.0,35,65835,买盘
11:13:36,18.8,-0.01,177,332934,卖盘
11:13:39,18.81,0.01,144,270850,买盘
11:13:42,18.81,0.0,131,246363,买盘
11:13:45,18.81,0.0,428,804788,买盘
11:13:48,18.81,0.0,132,248266,买盘
11:13:51,18.81,0.0,125,235127,卖盘
11:13:54,18.81,0.0,116,218196,买盘
11:13:57,18.81,0.0,68,127895,买盘
11:14:00,18.81,0.0,22,41382,买盘
11:14:03,18.81,0.0,226,425009,买盘
11:14:06,18.81,0.0,191,359151,买盘
11:14:09,18.81,0.0,614,1154358,买盘
11:14:12,18.81,0.0,86,161766,买盘
11:14:15,18.81,0.0,120,225693,卖盘
11:14:18,18.8,-0.01,93,174854,卖盘
11:14:21,18.8,0.0,1366,2568202,卖盘
11:14:24,18.8,0.0,194,364749,卖盘
11:14:27,18.8,0.0,46,86480,买盘
11:14:30,18.79,-0.01,1636,3074043,卖盘
11:14:33,18.79,0.0,148,278092,买盘
11:14:36,18.78,-0.01,2521,4734433,卖盘
11:14:39,18.77,-0.01,61,114555,卖盘
11:14:42,18.78,0.01,54,101377,买盘
11:14:45,18.77,-0.01,183,343496,卖盘
11:14:48,18.77,0.0,669,1255724,卖盘
11:14:51,18.77,0.0,204,382967,卖盘
11:14:54,18.77,0.0,102,191468,卖盘
11:14:57,18.77,0.0,804,1509093,卖盘
11:15:00,18.77,0.0,62,116389,卖盘
11:15:03,18.77,0.0,289,542407,买盘
11:15:06,18.77,0.0,229,429782,买盘
11:15:09,18.77,0.0,337,632346,卖盘
11:15:12,18.78,0.01,42,78850,买盘
11:15:15,18.78,0.0,117,219640,买盘
11:15:18,18.77,-0.01,156,292850,卖盘
11:15:21,18.78,0.01,132,247797,买盘
11:15:24,18.78,0.0,115,215912,买盘
11:15:27,18.79,0.01,427,801780,买盘
11:15:30,18.78,-0.01,56,105183,卖盘
11:15:33,18.79,0.01,121,227328,买盘
11:15:36,18.79,0.0,12,22548,买盘
11:15:39,18.78,-0.01,74,139039,卖盘
11:15:42,18.79,0.01,81,152191,买盘
11:15:45,18.79,0.0,75,140897,买盘
11:15:48,18.79,0.0,352,661338,买盘
11:15:51,18.78,-0.01,177,332567,卖盘
11:15:54,18.79,0.01,12,22548,卖盘
11:15:57,18.8,0.01,36,67664,买盘
11:16:00,18.79,-0.01,130,244278,卖盘
11:16:03,18.79,0.0,82,154130,卖盘
11:16:06,18.79,0.0,45,84595,卖盘
11:16:09,18.79,0.0,99,186095,卖盘
11:16:12,18.8,0.01,69,129709,买盘
11:16:15,18.79,-0.01,83,155985,卖盘
11:16:18,18.8,0.01,147,276351,买盘
11:16:21,18.8,0.0,1002,1882829,卖盘
11:16:24,18.8,0.0,62,116529,买盘
11:16:27,18.8,0.0,142,266839,买盘
11:16:30,18.8,0.0,113,212360,买盘
11:16:33,18.8,0.0,47,88342,买盘
11:16:36,18.79,-0.01,57,107144,卖盘
11:16:39,18.8,0.01,184,345837,买盘
11:16:42,18.79,-0.01,61,114638,卖盘
11:16:45,18.8,0.01,189,355182,买盘
11:16:48,18.79,-0.01,23,43220,卖盘
11:16:51,18.8,0.01,60,112795,买盘
11:16:54,18.8,0.0,365,686087,买盘
11:16:57,18.79,-0.01,173,325089,卖盘
11:17:00,18.8,0.01,211,396670,买盘
11:17:03,18.8,0.0,89,167256,买盘
11:17:06,18.8,0.0,68,127835,买盘
11:17:09,18.8,0.0,214,402318,买盘
11:17:12,18.8,0.0,32,60160,买盘
11:17:15,18.8,0.0,38,71439,买盘
11:17:18,18.79,-0.01,209,392800,卖盘
11:17:21,18.79,0.0,247,464126,卖盘
11:17:24,18.79,0.0,647,1215700,买盘
11:17:27,18.79,0.0,75,140945,买盘
11:17:30,18.79,0.0,22,41339,卖盘
11:17:33,18.8,0.01,66,124050,买盘
11:17:36,18.8,0.0,90,169123,买盘
11:17:39,18.8,0.0,32,60155,买盘
11:17:42,18.8,0.0,536,1007981,买盘
11:17:45,18.8,0.0,113,212159,卖盘
11:17:48,18.81,0.01,47,88664,买盘
11:17:51,18.81,0.0,44,82764,买盘
11:17:54,18.81,0.0,24,45133,买盘
11:17:57,18.81,0.0,58,109060,买盘
11:18:00,18.81,0.0,108,203107,买盘
11:18:03,18.81,0.0,412,774955,买盘
11:18:06,18.82,0.01,1089,2048491,买盘
11:18:09,18.82,0.0,27,50814,买盘
11:18:12,18.82,0.0,31,58342,买盘
11:18:15,18.83,0.01,2,3766,买盘
11:18:18,18.83,0.0,146,274837,买盘
11:18:21,18.82,-0.01,300,564652,卖盘
11:18:24,18.82,0.0,622,1171133,买盘
11:18:27,18.81,-0.01,63,118551,卖盘
11:18:30,18.82,0.01,124,233361,买盘
11:18:33,18.82,0.0,101,190081,买盘
11:18:36,18.82,0.0,73,137403,买盘
11:18:39,18.82,0.0,45,84706,卖盘
11:18:42,18.83,0.01,115,216520,买盘
11:18:45,18.83,0.0,201,378390,买盘
11:18:48,18.82,-0.01,186,350237,卖盘
11:18:51,18.82,0.0,84,158183,卖盘
11:18:54,18.83,0.01,279,525303,中性盘
11:18:57,18.83,0.0,15,28245,买盘
11:19:00,18.83,0.0,434,817116,买盘
11:19:03,18.82,-0.01,300,564602,卖盘
11:19:06,18.82,0.0,62,116684,买盘
11:19:09,18.82,0.0,102,191945,买盘
11:19:12,18.82,0.0,10,18820,买盘
11:19:15,18.82,0.0,80,150552,买盘
11:19:18,18.82,0.0,54,101622,买盘
11:19:21,18.81,-0.01,134,252187,卖盘
11:19:24,18.82,0.01,61,114767,买盘
11:19:27,18.82,0.0,36,67752,买盘
11:19:30,18.81,-0.01,291,547416,卖盘
11:19:33,18.82,0.01,210,395146,买盘
11:19:36,18.81,-0.01,41,77133,卖盘
11:19:39,18.82,0.01,133,250303,买盘
11:19:42,18.82,0.0,29,54560,买盘
11:19:45,18.82,0.0,81,152411,买盘
11:19:48,18.81,-0.01,927,1743688,卖盘
11:19:51,18.81,0.0,57,107217,买盘
11:19:54,18.81,0.0,14,26334,买盘
11:19:57,18.81,0.0,123,231362,买盘
11:20:00,18.81,0.0,61,114741,买盘
11:20:03,18.81,0.0,233,438257,买盘
11:20:06,18.81,0.0,90,169288,买盘
11:20:09,18.81,0.0,42,78997,买盘
11:20:12,18.81,0.0,2,3762,买盘
11:20:15,18.81,0.0,7,13167,买盘
11:20:18,18.81,0.0,145,272745,买盘
11:20:21,18.81,0.0,37,69597,买盘
11:20:24,18.81,0.0,27,50775,买盘
11:20:27,18.8,-0.01,49,92164,卖盘
11:20:30,18.81,0.01,14,26334,买盘
11:20:33,18.81,0.0,54,101553,买盘
11:20:36,18.8,-0.01,22,41380,卖盘
11:20:39,18.81,0.01,153,287799,买盘
11:20:42,18.8,-0.01,111,208774,卖盘
11:20:45,18.81,0.01,24,45139,中性盘
11:20:48,18.81,0.0,79,148576,买盘
11:20:51,18.81,0.0,34,63953,买盘
11:20:54,18.8,-0.01,2217,4167960,卖盘
11:20:57,18.8,0.0,205,385266,中性盘
11:21:00,18.81,0.01,172,323373,买盘
11:21:03,18.81,0.0,97,182387,买盘
11:21:06,18.81,0.0,33,62047,买盘
11:21:09,18.8,-0.01,443,832781,卖盘
11:21:12,18.8,0.0,28,52640,买盘
11:21:15,18.8,0.0,88,165435,买盘
11:21:18,18.8,0.0,88,165440,买盘
11:21:21,18.8,0.0,14,26320,卖盘
11:21:24,18.79,-0.01,223,419243,卖盘
11:21:27,18.8,0.01,73,137240,卖盘
11:21:30,18.81,0.01,18,33846,买盘
11:21:33,18.81,0.0,26,48885,买盘
11:21:36,18.81,0.0,40,75208,买盘
11:21:39,18.8,-0.01,105,197471,卖盘
11:21:42,18.8,0.0,1085,2038801,卖盘
11:21:45,18.8,0.0,26,48859,买盘
11:21:48,18.79,-0.01,8,15034,卖盘
11:21:51,18.79,0.0,734,1378547,买盘
11:21:54,18.79,0.0,953,1789777,买盘
11:21:57,18.79,0.0,105,197284,买盘
11:22:00,18.79,0.0,344,646269,买盘
11:22:03,18.79,0.0,66,124000,买盘
11:22:06,18.78,-0.01,240,450784,卖盘
11:22:09,18.78,0.0,6,11268,买盘
11:22:12,18.77,-0.01,44,82631,卖盘
11:22:15,18.77,0.0,188,352889,卖盘
11:22:18,18.78,0.01,286,537003,买盘
11:22:21,18.77,-0.01,225,422506,卖盘
11:22:24,18.77,0.0,160,300397,卖盘
11:22:27,18.77,0.0,57,106992,卖盘
11:22:30,18.78,0.01,51,95767,买盘
11:22:33,18.78,0.0,93,174588,买盘
11:22:36,18.78,0.0,70,131457,买盘
11:22:39,18.78,0.0,180,337977,买盘
11:22:42,18.78,0.0,172,322944,买盘
11:22:45,18.78,0.0,1605,3014080,买盘
11:22:48,18.8,0.02,39,73291,买盘
11:22:51,18.8,0.0,63,118404,买盘
11:22:54,18.79,-0.01,21,39463,中性盘
11:22:57,18.79,0.0,52,97754,卖盘
11:23:00,18.8,0.01,125,234990,买盘
11:23:03,18.8,0.0,43,80821,买盘
11:23:06,18.8,0.0,8,15040,买盘
11:23:09,18.8,0.0,87,163552,买盘
11:23:12,18.78,-0.02,262,492289,卖盘
11:23:15,18.79,0.01,94,176626,买盘
11:23:18,18.79,0.0,10,18790,买盘
11:23:21,18.79,0.0,231,434049,买盘
11:23:24,18.78,-0.01,31,58227,卖盘
11:23:27,18.79,0.01,58,108969,买盘
11:23:30,18.78,-0.01,90,169056,卖盘
11:23:33,18.78,0.0,261,490332,卖盘
11:23:36,18.79,0.01,23,43217,买盘
11:23:39,18.78,-0.01,102,191585,卖盘
11:23:42,18.78,0.0,68,127746,卖盘
11:23:45,18.79,0.01,56,105183,买盘
11:23:48,18.78,-0.01,147,276080,卖盘
11:23:51,18.79,0.01,313,587849,买盘
11:23:54,18.79,0.0,28,52608,买盘
11:23:57,18.79,0.0,108,202904,买盘
11:24:00,18.79,0.0,33,61992,买盘
11:24:03,18.79,0.0,323,606634,买盘
11:24:06,18.78,-0.01,699,1312734,卖盘
11:24:09,18.78,0.0,138,259064,买盘
11:24:12,18.78,0.0,84,157732,买盘
11:24:15,18.78,0.0,92,172773,卖盘
11:24:18,18.79,0.01,19,35698,买盘
11:24:21,18.78,-0.01,99,185948,卖盘
11:24:24,18.79,0.01,76,142769,买盘
11:24:27,18.78,-0.01,165,309881,卖盘
11:24:30,18.79,0.01,60,112712,买盘
11:24:33,18.79,0.0,99,185934,买盘
11:24:36,18.78,-0.01,1098,2063132,卖盘
11:24:39,18.79,0.01,6,11273,买盘
11:24:42,18.78,-0.01,52,97684,卖盘
11:24:45,18.79,0.01,166,311818,买盘
11:24:48,18.77,-0.02,498,935263,卖盘
11:24:51,18.78,0.01,122,229116,买盘
11:24:54,18.78,0.0,25,46944,买盘
11:24:57,18.78,0.0,114,214092,买盘
11:25:00,18.77,-0.01,26,48816,卖盘
11:25:03,18.78,0.01,132,247865,买盘
11:25:06,18.78,0.0,22,41306,卖盘
11:25:09,18.78,0.0,74,138975,买盘
11:25:12,18.78,0.0,200,375579,买盘
11:25:15,18.76,-0.02,1862,3495015,卖盘
11:25:18,18.77,0.01,61,114478,买盘
11:25:21,18.77,0.0,42,78804,买盘
11:25:24,18.77,0.0,345,647565,买盘
11:25:27,18.77,0.0,28,52559,卖盘
11:25:30,18.77,0.0,40,75080,卖盘
11:25:33,18.77,0.0,59,110746,卖盘
11:25:36,18.77,0.0,852,1599189,卖盘
11:25:39,18.77,0.0,19,35663,买盘
11:25:42,18.77,0.0,80,150138,买盘
11:25:45,18.77,0.0,88,165175,买盘
11:25:48,18.77,0.0,76,142603,买盘
11:25:51,18.76,-0.01,16,30026,卖盘
11:25:54,18.76,0.0,227,425922,卖盘
11:25:57,18.76,0.0,297,557177,卖盘
11:26:00,18.76,0.0,254,476735,卖盘
11:26:03,18.76,0.0,488,915572,卖盘
11:26:06,18.76,0.0,1137,2134018,卖盘
11:26:09,18.76,0.0,524,983216,卖盘
11:26:12,18.77,0.01,135,253268,买盘
11:26:15,18.77,0.0,95,178267,买盘
11:26:18,18.77,0.0,858,1609674,买盘
11:26:21,18.77,0.0,142,266508,买盘
11:26:24,18.77,0.0,119,223362,买盘
11:26:27,18.77,0.0,191,358445,买盘
11:26:30,18.76,-0.01,86,161397,卖盘
11:26:33,18.76,0.0,86,161371,卖盘
11:26:36,18.77,0.01,2507,4705612,买盘
11:26:39,18.78,0.01,72,135179,买盘
11:26:42,18.78,0.0,47,88261,买盘
11:26:45,18.78,0.0,2,3756,买盘
11:26:48,18.78,0.0,297,557766,买盘
11:26:51,18.78,0.0,123,231061,卖盘
11:26:54,18.78,0.0,45,84552,卖盘
11:26:57,18.78,0.0,79,148402,卖盘
11:27:00,18.78,0.0,104,195341,卖盘
11:27:03,18.79,0.01,65,122133,买盘
11:27:06,18.79,0.0,23,43217,买盘
11:27:09,18.79,0.0,59,110856,买盘
11:27:12,18.79,0.0,45,84555,买盘
11:27:15,18.79,0.0,82,154078,买盘
11:27:18,18.8,0.01,45,84590,买盘
11:27:21,18.79,-0.01,57,107103,卖盘
11:27:24,18.79,0.0,65,122135,买盘
11:27:27,18.79,0.0,29,54489,买盘
11:27:30,18.79,0.0,89,167230,买盘
11:27:33,18.79,0.0,81,152181,买盘
11:27:36,18.79,0.0,38,71402,买盘
11:27:39,18.79,0.0,75,140922,买盘
11:27:42,18.79,0.0,71,133368,买盘
11:27:45,18.79,0.0,77,144683,买盘
11:27:48,18.79,0.0,61,114619,卖盘
11:27:51,18.79,0.0,134,251818,卖盘
11:27:54,18.79,0.0,36,67644,买盘
11:27:57,18.79,0.0,152,285603,买盘
11:28:00,18.79,0.0,44,82654,买盘
11:28:03,18.79,0.0,24,45092,买盘
11:28:06,18.79,0.0,15,28185,买盘
11:28:09,18.79,0.0,92,172860,买盘
11:28:12,18.78,-0.01,224,420932,卖盘
11:28:15,18.78,0.0,38,71378,卖盘
11:28:18,18.78,0.0,56,105219,卖盘
11:28:21,18.79,0.01,98,184053,买盘
11:28:24,18.79,0.0,33,62007,买盘
11:28:27,18.79,0.0,105,197279,买盘
11:28:30,18.79,0.0,74,139043,买盘
11:28:33,18.79,0.0,38,71397,买盘
11:28:36,18.78,-0.01,61,114602,卖盘
11:28:39,18.79,0.01,56,105217,卖盘
11:28:42,18.79,0.0,232,435925,卖盘
11:28:45,18.78,-0.01,244,458268,卖盘
11:28:48,18.79,0.01,18,33814,买盘
11:28:51,18.78,-0.01,156,293054,卖盘
11:28:54,18.77,-0.01,1369,2570787,卖盘
11:28:57,18.78,0.01,87,163364,买盘
11:29:00,18.78,0.0,1348,2530274,买盘
11:29:03,18.77,-0.01,526,986872,卖盘
11:29:06,18.76,-0.01,263,493456,卖盘
11:29:09,18.77,0.01,172,322725,买盘
11:29:12,18.77,0.0,397,744913,买盘
11:29:15,18.76,-0.01,1705,3198417,卖盘
11:29:18,18.76,0.0,131,245682,买盘
11:29:21,18.76,0.0,1916,3592650,买盘
11:29:24,18.76,0.0,383,718162,买盘
11:29:27,18.76,0.0,348,652511,买盘
11:29:30,18.75,-0.01,2325,4359182,卖盘
11:29:33,18.75,0.0,99,185604,买盘
11:29:36,18.75,0.0,1381,2588042,买盘
11:29:39,18.75,0.0,282,528732,买盘
11:29:42,18.74,-0.01,234,438385,卖盘
11:29:45,18.74,0.0,484,906703,中性盘
11:29:48,18.75,0.01,224,419927,买盘
11:29:51,18.75,0.0,62,116195,买盘
11:29:54,18.75,0.0,1566,2936250,买盘
11:29:57,18.75,0.0,42,78750,卖盘
11:30:00,18.75,0.0,145,271892,卖盘
13:00:00,18.76,0.01,174,326277,买盘
13:00:03,18.76,0.0,1389,2604720,买盘
13:00:06,18.76,0.0,1070,2008055,卖盘
13:00:09,18.76,0.0,1050,1969758,卖盘
13:00:12,18.75,-0.01,141,264504,卖盘
13:00:15,18.76,0.01,72,135063,买盘
13:00:18,18.77,0.01,475,891013,买盘
13:00:21,18.77,0.0,80,150286,卖盘
13:00:24,18.78,0.01,3,5634,买盘
13:00:27,18.78,0.0,38,71342,买盘
13:00:30,18.78,0.0,61,114522,买盘
13:00:33,18.76,-0.02,118,221460,卖盘
13:00:36,18.77,0.01,8,15016,买盘
13:00:39,18.76,-0.01,392,735394,卖盘
13:00:42,18.77,0.01,23,43161,买盘
13:00:45,18.77,0.0,196,367732,买盘
13:00:48,18.77,0.0,44,82572,买盘
13:00:51,18.77,0.0,41,76953,买盘
13:00:54,18.77,0.0,79,148238,买盘
13:00:57,18.77,0.0,93,174551,买盘
13:01:00,18.76,-0.01,167,313333,卖盘
13:01:03,18.77,0.01,504,945547,买盘
13:01:06,18.77,0.0,30,56310,买盘
13:01:09,18.78,0.01,360,675720,买盘
13:01:12,18.76,-0.02,154,288989,卖盘
13:01:15,18.77,0.01,60,112627,卖盘
13:01:18,18.77,0.0,73,137021,卖盘
13:01:21,18.78,0.01,88,165212,买盘
13:01:24,18.77,-0.01,226,424161,卖盘
13:01:27,18.78,0.01,53,99489,买盘
13:01:30,18.77,-0.01,36,67582,卖盘
13:01:33,18.77,0.0,190,356633,卖盘
13:01:36,18.77,0.0,27,50685,买盘
13:01:39,18.78,0.01,109,205378,买盘
13:01:42,18.77,-0.01,70,131390,卖盘
13:01:45,18.77,0.0,69,129554,卖盘
13:01:48,18.77,0.0,172,322094,卖盘
13:01:51,18.77,0.0,93,174561,买盘
13:01:54,18.77,0.0,105,197085,买盘
13:01:57,18.77,0.0,85,159483,买盘
13:02:00,18.76,-0.01,428,802968,卖盘
13:02:03,18.76,0.0,130,243912,卖盘
13:02:06,18.76,0.0,143,268311,卖盘
13:02:09,18.75,-0.01,1696,3180563,卖盘
13:02:12,18.75,0.0,415,777448,卖盘
13:02:15,18.75,0.0,74,138749,买盘
13:02:18,18.74,-0.01,649,1216329,卖盘
13:02:21,18.74,0.0,626,1173121,卖盘
13:02:24,18.74,0.0,91,171157,买盘
13:02:27,18.73,-0.01,1990,3727297,卖盘
13:02:30,18.73,0.0,898,1681996,卖盘
13:02:33,18.73,0.0,101,189204,卖盘
13:02:36,18.74,0.01,92,172317,买盘
13:02:39,18.73,-0.01,212,397087,卖盘
13:02:42,18.72,-0.01,462,864657,卖盘
13:02:45,18.72,0.0,492,921094,卖盘
13:02:48,18.73,0.01,118,220920,买盘
13:02:51,18.73,0.0,233,436290,买盘
13:02:54,18.73,0.0,819,1533207,买盘
13:02:57,18.72,-0.01,84,157275,卖盘
13:03:00,18.73,0.01,115,215312,买盘
13:03:03,18.74,0.01,625,1171144,买盘
13:03:06,18.73,-0.01,170,318397,卖盘
13:03:09,18.73,0.0,70,131110,卖盘
13:03:12,18.73,0.0,78,146084,买盘
13:03:15,18.73,0.0,30,56185,买盘
13:03:18,18.72,-0.01,97,181665,卖盘
13:03:21,18.73,0.01,37,69291,买盘
13:03:24,18.73,0.0,53,99269,卖盘
13:03:27,18.73,0.0,142,265977,卖盘
13:03:30,18.74,0.01,7,13117,买盘
13:03:33,18.74,0.0,36,67434,买盘
13:03:36,18.73,-0.01,261,488853,卖盘
13:03:39,18.73,0.0,107,200404,买盘
13:03:42,18.73,0.0,15,28095,买盘
13:03:45,18.73,0.0,583,1091485,买盘
13:03:48,18.73,0.0,168,314637,买盘
13:03:51,18.73,0.0,219,410027,买盘
13:03:54,18.73,0.0,67,125491,卖盘
13:03:57,18.73,0.0,1,1873,卖盘
13:04:00,18.73,0.0,142,265988,卖盘
13:04:03,18.73,0.0,69,129289,卖盘
13:04:06,18.73,0.0,75,140495,卖盘
13:04:09,18.73,0.0,90,168583,卖盘
13:04:12,18.73,0.0,556,1041407,卖盘
13:04:15,18.73,0.0,40,74928,卖盘
13:04:18,18.73,0.0,133,249152,卖盘
13:04:21,18.74,0.01,121,226719,买盘
13:04:24,18.74,0.0,106,198612,买盘
13:04:27,18.74,0.0,59,110566,买盘
13:04:30,18.73,-0.01,263,492650,卖盘
13:04:33,18.73,0.0,91,170450,卖盘
13:04:36,18.74,0.01,47,88046,买盘
13:04:39,18.74,0.0,102,191096,买盘
13:04:42,18.74,0.0,85,159217,买盘
13:04:45,18.74,0.0,173,324123,买盘
13:04:48,18.74,0.0,612,1146327,买盘
13:04:51,18.73,-0.01,205,384011,卖盘
13:04:54,18.73,0.0,60,112415,卖盘
13:04:57,18.74,0.01,63,118061,买盘
13:05:00,18.74,0.0,50,93666,买盘
13:05:03,18.74,0.0,198,370877,买盘
13:05:06,18.73,-0.01,131,245466,卖盘
13:05:09,18.74,0.01,86,161139,买盘
13:05:12,18.73,-0.01,179,335271,卖盘
13:05:15,18.73,0.0,354,663127,卖盘
13:05:18,18.74,0.01,53,99295,买盘
13:05:21,18.74,0.0,97,181696,买盘
13:05:24,18.73,-0.01,99,185427,卖盘
13:05:27,18.74,0.01,596,1116397,买盘
13:05:30,18.73,-0.01,286,535715,卖盘
13:05:33,18.74,0.01,170,318447,买盘
13:05:36,18.73,-0.01,58,108636,卖盘
13:05:39,18.74,0.01,67,125527,买盘
13:05:42,18.73,-0.01,100,187361,卖盘
13:05:45,18.74,0.01,252,472114,买盘
13:05:48,18.74,0.0,85,159226,买盘
13:05:51,18.74,0.0,328,614361,买盘
13:05:54,18.74,0.0,218,408342,买盘
13:05:57,18.74,0.0,1079,2022036,买盘
13:06:00,18.74,0.0,431,807717,买盘
13:06:03,18.74,0.0,28,52472,卖盘
13:06:06,18.74,0.0,83,155550,卖盘
13:06:09,18.75,0.01,144,269984,买盘
13:06:12,18.73,-0.02,905,1695508,卖盘
13:06:15,18.73,0.0,1050,1966721,卖盘
13:06:18,18.72,-0.01,1945,3640482,卖盘
13:06:21,18.72,0.0,193,361365,买盘
13:06:24,18.72,0.0,24,44928,中性盘
13:06:27,18.71,-0.01,763,1427993,卖盘
13:06:30,18.72,0.01,174,325748,买盘
13:06:33,18.72,0.0,124,232127,买盘
13:06:36,18.72,0.0,76,142239,买盘
13:06:39,18.72,0.0,250,467980,买盘
13:06:42,18.72,0.0,456,853478,中性盘
13:06:45,18.72,0.0,69,129147,买盘
13:06:48,18.72,0.0,192,359462,卖盘
13:06:51,18.72,0.0,72,134734,买盘
13:06:54,18.72,0.0,225,421140,买盘
13:06:57,18.71,-0.01,274,512713,卖盘
13:07:00,18.71,0.0,808,1511870,卖盘
13:07:03,18.71,0.0,314,587595,卖盘
13:07:06,18.71,0.0,1913,3579223,卖盘
13:07:09,18.72,0.01,2913,5450508,买盘
13:07:12,18.72,0.0,182,340739,卖盘
13:07:15,18.73,0.01,111,207797,买盘
13:07:18,18.72,-0.01,98,183456,卖盘
13:07:21,18.72,0.0,66,123558,卖盘
13:07:24,18.73,0.01,105,196563,买盘
13:07:27,18.72,-0.01,198,370708,卖盘
13:07:30,18.72,0.0,6,11232,卖盘
13:07:33,18.72,0.0,37,69289,卖盘
13:07:36,18.72,0.0,19,35569,卖盘
13:07:39,18.72,0.0,19,35568,卖盘
13:07:42,18.72,0.0,10,18726,卖盘
13:07:45,18.73,0.01,9,16855,买盘
13:07:48,18.72,-0.01,77,144162,卖盘
13:07:51,18.72,0.0,94,175997,卖盘
13:07:54,18.73,0.01,42,78636,买盘
13:07:57,18.73,0.0,10,18730,买盘
13:08:00,18.73,0.0,45,84268,买盘
13:08:03,18.73,0.0,165,309044,买盘
13:08:06,18.72,-0.01,59,110477,卖盘
13:08:09,18.73,0.01,115,215292,买盘
13:08:12,18.72,-0.01,295,552712,卖盘
13:08:15,18.73,0.01,71,132975,买盘
13:08:18,18.73,0.0,76,142342,买盘
13:08:21,18.73,0.0,126,235977,买盘
13:08:24,18.73,0.0,199,372699,买盘
13:08:27,18.73,0.0,46,86158,卖盘
13:08:30,18.74,0.01,40,74928,买盘
13:08:33,18.73,-0.01,43,80551,卖盘
13:08:36,18.74,0.01,64,119926,买盘
13:08:39,18.74,0.0,12,22485,买盘
13:08:42,18.74,0.0,100,187397,买盘
13:08:45,18.74,0.0,127,237998,买盘
13:08:48,18.75,0.01,54,101222,买盘
13:08:51,18.75,0.0,36,67467,买盘
13:08:54,18.75,0.0,157,294365,买盘
13:08:57,18.75,0.0,49,91867,买盘
13:09:00,18.75,0.0,75,140625,买盘
13:09:03,18.75,0.0,139,260545,买盘
13:09:06,18.75,0.0,132,247500,买盘
13:09:09,18.73,-0.02,1164,2180933,卖盘
13:09:12,18.74,0.01,148,277371,买盘
13:09:15,18.73,-0.01,199,372812,卖盘
13:09:18,18.73,0.0,15,28108,卖盘
13:09:21,18.74,0.01,33,61825,买盘
13:09:24,18.74,0.0,245,459079,买盘
13:09:27,18.74,0.0,29,54346,卖盘
13:09:30,18.75,0.01,42,78711,买盘
13:09:33,18.74,-0.01,144,269868,卖盘
13:09:36,18.74,0.0,247,462862,买盘
13:09:39,18.73,-0.01,69,129278,卖盘
13:09:42,18.74,0.01,49,91820,买盘
13:09:45,18.74,0.0,35,65588,买盘
13:09:48,18.73,-0.01,424,794295,卖盘
13:09:51,18.74,0.01,217,406482,买盘
13:09:54,18.73,-0.01,118,221043,卖盘
13:09:57,18.74,0.01,578,1082653,买盘
13:10:00,18.73,-0.01,33,61814,卖盘
13:10:03,18.73,0.0,46,86175,卖盘
13:10:06,18.74,0.01,24,44970,买盘
13:10:09,18.73,-0.01,383,717399,卖盘
13:10:12,18.73,0.0,266,498218,买盘
13:10:15,18.73,0.0,117,219162,买盘
13:10:18,18.73,0.0,137,256688,买盘
13:10:21,18.73,0.0,13,24349,卖盘
13:10:24,18.73,0.0,45,84291,卖盘
13:10:27,18.74,0.01,38,71185,买盘
13:10:30,18.73,-0.01,74,138626,卖盘
13:10:33,18.74,0.01,29,54322,买盘
13:10:36,18.74,0.0,24,44966,买盘
13:10:39,18.73,-0.01,153,286648,卖盘
13:10:42,18.73,0.0,144,269730,卖盘
13:10:45,18.74,0.01,172,322211,买盘
13:10:48,18.74,0.0,195,365348,买盘
13:10:51,18.73,-0.01,53,99290,卖盘
13:10:54,18.73,0.0,114,213526,卖盘
13:10:57,18.73,0.0,183,342847,卖盘
13:11:00,18.73,0.0,60,112015,卖盘
13:11:03,18.73,0.0,288,539525,卖盘
13:11:06,18.74,0.01,35,65568,买盘
13:11:09,18.73,-0.01,18,33716,卖盘
13:11:12,18.74,0.01,33,61832,买盘
13:11:15,18.73,-0.01,48,89914,卖盘
13:11:18,18.73,0.0,293,548830,卖盘
13:11:21,18.74,0.01,36,67440,买盘
13:11:24,18.73,-0.01,141,264143,卖盘
13:11:27,18.74,0.01,60,112392,买盘
13:11:30,18.74,0.0,389,728882,买盘
13:11:33,18.74,0.0,41,76814,买盘
13:11:36,18.73,-0.01,566,1060544,卖盘
13:11:39,18.73,0.0,73,136717,买盘
13:11:42,18.73,0.0,348,651761,买盘
13:11:45,18.73,0.0,154,288399,买盘
13:11:48,18.73,0.0,244,456831,买盘
13:11:51,18.73,0.0,139,260344,买盘
13:11:54,18.73,0.0,208,389576,买盘
13:11:57,18.73,0.0,60,112353,买盘
13:12:00,18.73,0.0,38,71174,买盘
13:12:03,18.73,0.0,74,138597,买盘
13:12:06,18.73,0.0,63,117996,买盘
13:12:09,18.73,0.0,1550,2902764,买盘
13:12:12,18.75,0.02,1229,2303153,买盘
13:12:15,18.75,0.0,26,48745,买盘
13:12:18,18.74,-0.01,899,1684732,卖盘
13:12:21,18.75,0.01,102,191162,买盘
13:12:24,18.75,0.0,151,283125,买盘
13:12:27,18.75,0.0,62,116229,买盘
13:12:30,18.75,0.0,111,208132,买盘
13:12:33,18.76,0.01,90,168782,买盘
13:12:36,18.76,0.0,254,476271,买盘
13:12:39,18.76,0.0,102,191346,买盘
13:12:42,18.76,0.0,299,560924,买盘
13:12:45,18.76,0.0,100,187599,买盘
13:12:48,18.77,0.01,23,43156,买盘
13:12:51,18.76,-0.01,189,354579,卖盘
13:12:54,18.76,0.0,156,292676,买盘
13:12:57,18.76,0.0,362,678899,中性盘
13:13:00,18.76,0.0,151,283295,卖盘
13:13:03,18.77,0.01,408,765742,买盘
13:13:06,18.77,0.0,17,31909,买盘
13:13:09,18.77,0.0,68,127630,中性盘
13:13:12,18.76,-0.01,750,1407223,卖盘
13:13:15,18.75,-0.01,936,1755008,卖盘
13:13:18,18.75,0.0,57,106875,卖盘
13:13:21,18.76,0.01,119,223207,买盘
13:13:24,18.76,0.0,28,52525,买盘
13:13:27,18.75,-0.01,33,61884,卖盘
13:13:30,18.75,0.0,112,210089,卖盘
13:13:33,18.76,0.01,71,133144,买盘
13:13:36,18.76,0.0,108,202516,买盘
13:13:39,18.76,0.0,41,76912,买盘
13:13:42,18.76,0.0,104,195095,买盘
13:13:45,18.76,0.0,106,198845,买盘
13:13:48,18.75,-0.01,90,168758,卖盘
13:13:51,18.75,0.0,206,386455,卖盘
13:13:54,18.76,0.01,42,78792,买盘
13:13:57,18.76,0.0,77,144432,买盘
13:14:00,18.76,0.0,51,95676,买盘
13:14:03,18.76,0.0,58,108805,买盘
13:14:06,18.76,0.0,255,478390,买盘
13:14:09,18.76,0.0,235,440900,卖盘
13:14:12,18.78,0.02,12,22528,买盘
13:14:15,18.77,-0.01,7,13139,卖盘
13:14:18,18.78,0.01,40,75100,买盘
13:14:21,18.78,0.0,91,170897,买盘
13:14:24,18.79,0.01,60,112740,买盘
13:14:27,18.8,0.01,696,1308197,买盘
13:14:30,18.82,0.02,2810,5283906,买盘
13:14:33,18.83,0.01,469,882762,买盘
13:14:36,18.85,0.02,368,693597,买盘
13:14:39,18.86,0.01,345,650813,买盘
13:14:42,18.87,0.01,290,547244,买盘
13:14:45,18.86,-0.01,1228,2316501,卖盘
13:14:48,18.87,0.01,472,890738,买盘
13:14:51,18.87,0.0,480,906075,卖盘
13:14:54,18.87,0.0,710,1340416,卖盘
13:14:57,18.87,0.0,430,811437,卖盘
13:15:00,18.86,-0.01,907,1711993,卖盘
13:15:03,18.87,0.01,1215,2291624,买盘
13:15:06,18.86,-0.01,287,541431,买盘
13:15:09,18.85,-0.01,384,723897,卖盘
13:15:12,18.85,0.0,177,333701,买盘
13:15:15,18.86,0.01,290,546535,买盘
13:15:18,18.85,-0.01,156,294093,卖盘
13:15:21,18.85,0.0,169,318661,买盘
13:15:24,18.85,0.0,539,1016352,卖盘
13:15:27,18.86,0.01,141,265922,买盘
13:15:30,18.86,0.0,156,294176,买盘
13:15:33,18.86,0.0,93,175410,卖盘
13:15:36,18.86,0.0,106,199982,卖盘
13:15:39,18.87,0.01,643,1212764,买盘
13:15:42,18.87,0.0,409,771462,买盘
13:15:45,18.86,-0.01,683,1288186,卖盘
13:15:48,18.86,0.0,873,1646480,买盘
13:15:51,18.86,0.0,232,437509,买盘
13:15:54,18.86,0.0,136,256487,买盘
13:15:57,18.86,0.0,104,196128,买盘
13:16:00,18.86,0.0,222,418671,买盘
13:16:03,18.86,0.0,56,105610,卖盘
13:16:06,18.87,0.01,100,188611,买盘
13:16:09,18.86,-0.01,424,799712,卖盘
13:16:12,18.86,0.0,1442,2719052,卖盘
13:16:15,18.86,0.0,281,529879,买盘
13:16:18,18.86,0.0,82,154649,买盘
13:16:21,18.86,0.0,127,238670,买盘
13:16:24,18.85,-0.01,197,372119,卖盘
13:16:27,18.85,0.0,537,1011057,买盘
13:16:30,18.85,0.0,195,368313,买盘
13:16:33,18.85,0.0,144,271324,买盘
13:16:36,18.84,-0.01,199,374799,中性盘
13:16:39,18.82,-0.02,320,602266,卖盘
13:16:42,18.82,0.0,67,126074,买盘
13:16:45,18.82,0.0,1126,2120304,买盘
13:16:48,18.83,0.01,190,357794,中性盘
13:16:51,18.82,-0.01,28,52703,卖盘
13:16:54,18.83,0.01,57,107331,买盘
13:16:57,18.84,0.01,30,56496,买盘
13:17:00,18.85,0.01,60,113013,买盘
13:17:03,18.85,0.0,35,65943,买盘
13:17:06,18.85,0.0,282,530837,买盘
13:17:09,18.87,0.02,632,1191963,买盘
13:17:12,18.86,-0.01,123,231978,卖盘
13:17:15,18.86,0.0,514,969396,卖盘
13:17:18,18.87,0.01,213,401714,买盘
13:17:21,18.87,0.0,332,626431,买盘
13:17:24,18.87,0.0,169,318834,买盘
13:17:27,18.87,0.0,255,480952,买盘
13:17:30,18.87,0.0,489,922386,买盘
13:17:33,18.87,0.0,416,784948,买盘
13:17:36,18.87,0.0,579,1092573,买盘
13:17:39,18.87,0.0,273,515146,买盘
13:17:42,18.87,0.0,321,605703,买盘
13:17:45,18.87,0.0,1039,1959270,中性盘
13:17:48,18.86,-0.01,454,856383,卖盘
13:17:51,18.86,0.0,107,201794,买盘
13:17:54,18.86,0.0,430,811295,买盘
13:17:57,18.85,-0.01,501,944640,卖盘
13:18:00,18.85,0.0,177,333796,卖盘
13:18:03,18.86,0.01,648,1221642,买盘
13:18:06,18.86,0.0,35,65997,买盘
13:18:09,18.86,0.0,76,143303,买盘
13:18:12,18.86,0.0,164,309315,买盘
13:18:15,18.86,0.0,117,220662,卖盘
13:18:18,18.87,0.01,412,777409,买盘
13:18:21,18.87,0.0,143,269869,卖盘
13:18:24,18.87,0.0,102,192476,卖盘
13:18:27,18.87,0.0,433,816874,卖盘
13:18:30,18.87,0.0,164,309436,买盘
13:18:33,18.88,0.01,33,62289,买盘
13:18:36,18.87,-0.01,73,137763,卖盘
13:18:39,18.87,0.0,268,505789,卖盘
13:18:42,18.87,0.0,36,67932,买盘
13:18:45,18.85,-0.02,432,814989,卖盘
13:18:48,18.86,0.01,53,100001,中性盘
13:18:51,18.86,0.0,196,369704,卖盘
13:18:54,18.86,0.0,53,99970,卖盘
13:18:57,18.86,0.0,480,904898,卖盘
13:19:00,18.86,0.0,375,707070,卖盘
13:19:03,18.86,0.0,220,414718,买盘
13:19:06,18.85,-0.01,83,156455,卖盘
13:19:09,18.85,0.0,499,940192,买盘
13:19:12,18.85,0.0,240,452228,买盘
13:19:15,18.86,0.01,677,1276332,买盘
13:19:18,18.84,-0.02,15,28264,中性盘
13:19:21,18.85,0.01,64,120592,买盘
13:19:24,18.86,0.01,233,439215,买盘
13:19:27,18.86,0.0,112,211127,买盘
13:19:30,18.85,-0.01,109,205523,卖盘
13:19:33,18.86,0.01,103,194189,买盘
13:19:36,18.86,0.0,111,209293,买盘
13:19:39,18.85,-0.01,73,137627,卖盘
13:19:42,18.85,0.0,224,422246,卖盘
13:19:45,18.86,0.01,129,243177,买盘
13:19:48,18.85,-0.01,108,203593,买盘
13:19:51,18.85,0.0,51,96155,买盘
13:19:54,18.85,0.0,28,52790,卖盘
13:19:57,18.86,0.01,23,43365,买盘
13:20:00,18.85,-0.01,284,535396,卖盘
13:20:03,18.85,0.0,106,199810,买盘
13:20:06,18.85,0.0,33,62207,买盘
13:20:09,18.85,0.0,66,124396,买盘
13:20:12,18.85,0.0,156,293971,买盘
13:20:15,18.84,-0.01,108,203515,卖盘
13:20:18,18.84,0.0,94,177176,卖盘
13:20:21,18.84,0.0,117,220481,卖盘
13:20:24,18.84,0.0,164,309007,卖盘
13:20:27,18.84,0.0,56,105507,卖盘
13:20:30,18.84,0.0,136,256236,卖盘
13:20:33,18.84,0.0,22,41428,买盘
13:20:36,18.84,0.0,527,992868,买盘
13:20:39,18.83,-0.01,33,62145,卖盘
13:20:42,18.83,0.0,234,440657,卖盘
13:20:45,18.83,0.0,13,24491,卖盘
13:20:48,18.84,0.01,31,58389,买盘
13:20:51,18.84,0.0,76,143180,买盘
13:20:54,18.84,0.0,37,69676,买盘
13:20:57,18.84,0.0,65,122423,买盘
13:21:00,18.84,0.0,59,111139,买盘
13:21:03,18.84,0.0,704,1325779,买盘
13:21:06,18.84,0.0,417,785346,买盘
13:21:09,18.83,-0.01,49,92277,卖盘
13:21:12,18.83,0.0,263,495221,卖盘
13:21:15,18.83,0.0,15,28245,买盘
13:21:18,18.83,0.0,74,139307,买盘
13:21:21,18.82,-0.01,375,706121,卖盘
13:21:24,18.84,0.02,27,50867,买盘
13:21:27,18.84,0.0,618,1164545,买盘
13:21:30,18.83,-0.01,100,188314,卖盘
13:21:33,18.83,0.0,125,235384,卖盘
13:21:36,18.84,0.01,159,299477,买盘
13:21:39,18.84,0.0,21,39564,卖盘
13:21:42,18.84,0.0,47,88548,卖盘
13:21:45,18.84,0.0,151,284503,卖盘
13:21:48,18.85,0.01,129,243161,买盘
13:21:51,18.84,-0.01,163,307128,卖盘
13:21:54,18.84,0.0,251,473028,卖盘
13:21:57,18.85,0.01,77,145143,买盘
13:22:00,18.85,0.0,27,50885,买盘
13:22:03,18.85,0.0,46,86710,买盘
13:22:06,18.84,-0.01,162,305245,卖盘
13:22:09,18.84,0.0,361,680280,卖盘
13:22:12,18.85,0.01,192,361865,买盘
13:22:15,18.84,-0.01,108,203472,中性盘
13:22:18,18.84,0.0,94,177113,买盘
13:22:21,18.83,-0.01,64,120575,卖盘
13:22:24,18.84,0.01,30,56510,买盘
13:22:27,18.83,-0.01,240,451934,卖盘
13:22:30,18.83,0.0,222,418178,卖盘
13:22:33,18.84,0.01,47,88508,买盘
13:22:36,18.83,-0.01,21,39543,卖盘
13:22:39,18.83,0.0,81,152558,卖盘
13:22:42,18.83,0.0,429,807879,卖盘
13:22:45,18.83,0.0,52,97652,卖盘
13:22:48,18.82,-0.01,756,1422795,卖盘
13:22:51,18.82,0.0,60,112920,买盘
13:22:54,18.82,0.0,144,271002,买盘
13:22:57,18.82,0.0,37,69610,买盘
13:23:00,18.82,0.0,46,86529,买盘
13:23:03,18.81,-0.01,274,515395,卖盘
13:23:06,18.81,0.0,1081,2033361,卖盘
13:23:09,18.82,0.01,928,1745883,买盘
13:23:12,18.81,-0.01,51,95948,卖盘
13:23:15,18.81,0.0,95,178707,卖盘
13:23:18,18.8,-0.01,98,184318,卖盘
13:23:21,18.8,0.0,69,129788,卖盘
13:23:24,18.8,0.0,72,135424,卖盘
13:23:27,18.8,0.0,117,220072,卖盘
13:23:30,18.81,0.01,4,7521,买盘
13:23:33,18.81,0.0,20,37620,卖盘
13:23:36,18.81,0.0,78,146718,卖盘
13:23:39,18.81,0.0,78,146733,卖盘
13:23:42,18.81,0.0,70,131670,买盘
13:23:45,18.81,0.0,32,60190,买盘
13:23:48,18.81,0.0,49,92169,卖盘
13:23:51,18.81,0.0,128,240773,买盘
13:23:54,18.81,0.0,157,295233,卖盘
13:23:57,18.81,0.0,40,75240,卖盘
13:24:00,18.81,0.0,135,253935,卖盘
13:24:03,18.81,0.0,99,186212,买盘
13:24:06,18.81,0.0,90,169281,买盘
13:24:09,18.81,0.0,39,73359,买盘
13:24:12,18.8,-0.01,25,47017,卖盘
13:24:15,18.81,0.01,71,133531,买盘
13:24:18,18.81,0.0,60,112851,买盘
13:24:21,18.81,0.0,112,210672,买盘
13:24:24,18.81,0.0,112,210646,买盘
13:24:27,18.8,-0.01,92,173026,卖盘
13:24:30,18.81,0.01,23,43250,买盘
13:24:33,18.8,-0.01,89,167393,卖盘
13:24:36,18.81,0.01,21,39489,买盘
13:24:39,18.81,0.0,23,43247,买盘
13:24:42,18.81,0.0,50,94034,买盘
13:24:45,18.81,0.0,85,159830,买盘
13:24:48,18.81,0.0,85,159842,买盘
13:24:51,18.81,0.0,157,295242,买盘
13:24:54,18.81,0.0,216,406173,买盘
13:24:57,18.8,-0.01,80,150438,卖盘
13:25:00,18.81,0.01,31,58292,买盘
13:25:03,18.81,0.0,80,150467,买盘
13:25:06,18.81,0.0,108,203126,买盘
13:25:09,18.8,-0.01,293,551155,卖盘
13:25:12,18.81,0.01,605,1137540,买盘
13:25:15,18.8,-0.01,132,248220,卖盘
13:25:18,18.8,0.0,69,129748,卖盘
13:25:21,18.8,0.0,115,216213,卖盘
13:25:24,18.81,0.01,39,73337,买盘
13:25:27,18.8,-0.01,15,28200,卖盘
13:25:30,18.81,0.01,20,37606,买盘
13:25:33,18.81,0.0,98,184302,买盘
13:25:36,18.81,0.0,118,221914,买盘
13:25:39,18.8,-0.01,293,550847,卖盘
13:25:42,18.81,0.01,150,282072,买盘
13:25:45,18.81,0.0,163,306585,买盘
13:25:48,18.81,0.0,138,259492,买盘
13:25:51,18.81,0.0,20,37609,买盘
13:25:54,18.8,-0.01,111,208790,卖盘
13:25:57,18.82,0.02,3159,5942743,买盘
13:26:00,18.83,0.01,10,18828,买盘
13:26:03,18.83,0.0,59,111091,买盘
13:26:06,18.83,0.0,226,425348,买盘
13:26:09,18.82,-0.01,112,210786,买盘
13:26:12,18.82,0.0,212,398996,买盘
13:26:15,18.81,-0.01,103,193812,卖盘
13:26:18,18.82,0.01,97,182518,买盘
13:26:21,18.82,0.0,22,41406,中性盘
13:26:24,18.82,0.0,25,47054,卖盘
13:26:27,18.83,0.01,86,161905,买盘
13:26:30,18.82,-0.01,102,192022,卖盘
13:26:33,18.83,0.01,35,65905,买盘
13:26:36,18.83,0.0,265,498865,买盘
13:26:39,18.82,-0.01,315,592862,卖盘
13:26:42,18.83,0.01,57,107302,买盘
13:26:45,18.83,0.0,45,84702,买盘
13:26:48,18.82,-0.01,199,374523,卖盘
13:26:51,18.82,0.0,132,248424,买盘
13:26:54,18.82,0.0,111,208902,买盘
13:26:57,18.82,0.0,144,270996,买盘
13:27:00,18.82,0.0,132,248390,买盘
13:27:03,18.82,0.0,53,99741,买盘
13:27:06,18.82,0.0,217,408394,买盘
13:27:09,18.82,0.0,100,188195,买盘
13:27:12,18.82,0.0,40,75280,卖盘
13:27:15,18.82,0.0,226,425372,卖盘
13:27:18,18.82,0.0,123,231486,卖盘
13:27:21,18.82,0.0,119,223947,买盘
13:27:24,18.81,-0.01,15,28227,卖盘
13:27:27,18.82,0.01,48,90335,买盘
13:27:30,18.82,0.0,228,429093,买盘
13:27:33,18.82,0.0,98,184402,买盘
13:27:36,18.81,-0.01,92,173072,卖盘
13:27:39,18.82,0.01,131,246542,买盘
13:27:42,18.81,-0.01,8,15049,卖盘
13:27:45,18.82,0.01,108,203193,买盘
13:27:48,18.82,0.0,16,30106,买盘
13:27:51,18.81,-0.01,13,24458,卖盘
13:27:54,18.82,0.01,77,144858,买盘
13:27:57,18.82,0.0,152,286044,买盘
13:28:00,18.8,-0.02,2273,4275031,卖盘
13:28:03,18.81,0.01,229,430592,买盘
13:28:06,18.81,0.0,70,131645,买盘
13:28:09,18.81,0.0,47,88395,买盘
13:28:12,18.81,0.0,97,182447,买盘
13:28:15,18.81,0.0,38,71478,买盘
13:28:18,18.8,-0.01,64,120343,卖盘
13:28:21,18.81,0.01,69,129789,买盘
13:28:24,18.81,0.0,122,229475,买盘
13:28:27,18.81,0.0,23,43263,买盘
13:28:30,18.81,0.0,31,58299,买盘
13:28:33,18.8,-0.01,599,1126670,卖盘
13:28:36,18.81,0.01,67,125997,买盘
13:28:39,18.8,-0.01,70,131657,卖盘
13:28:42,18.8,0.0,18,33857,卖盘
13:28:45,18.8,0.0,515,968234,卖盘
13:28:48,18.8,0.0,1806,3395017,卖盘
13:28:51,18.8,0.0,105,197397,买盘
13:28:54,18.8,0.0,221,415321,买盘
13:28:57,18.8,0.0,30,56379,买盘
13:29:00,18.79,-0.01,710,1333730,卖盘
13:29:03,18.79,0.0,35,65765,买盘
13:29:06,18.79,0.0,96,180353,买盘
13:29:09,18.79,0.0,54,101457,买盘
13:29:12,18.79,0.0,67,125893,买盘
13:29:15,18.79,0.0,66,124014,卖盘
13:29:18,18.78,-0.01,135,253582,卖盘
13:29:21,18.79,0.01,18,33818,买盘
13:29:24,18.79,0.0,45,84555,买盘
13:29:27,18.79,0.0,37,69523,买盘
13:29:30,18.78,-0.01,46,86398,卖盘
13:29:33,18.78,0.0,184,345693,卖盘
13:29:36,18.78,0.0,141,264801,卖盘
13:29:39,18.78,0.0,74,138995,卖盘
13:29:42,18.79,0.01,10,18785,买盘
13:29:45,18.78,-0.01,151,283701,卖盘
13:29:48,18.78,0.0,95,178411,卖盘
13:29:51,18.78,0.0,32,60127,卖盘
13:29:54,18.79,0.01,72,135285,买盘
13:29:57,18.79,0.0,51,95801,卖盘
13:30:00,18.79,0.0,91,170913,买盘
13:30:03,18.79,0.0,41,77033,买盘
13:30:06,18.78,-0.01,72,135274,卖盘
13:30:09,18.79,0.01,113,212263,买盘
13:30:12,18.79,0.0,23,43216,买盘
13:30:15,18.78,-0.01,362,679937,卖盘
