时间,价格,涨跌,成交量,成交额,性质
成交时间,成交价格,价格变动,成交量,成交金额,性质
09:25:02,54.58,0.01,1274,6953492,买盘
09:30:02,54.59,0.01,97,529484,买盘
09:30:05,54.59,0.0,121,660924,卖盘
09:30:08,54.64,0.05,367,2004304,中性盘
09:30:11,54.68,0.04,176,961487,买盘
09:30:14,54.62,-0.06,99,540766,卖盘
09:30:17,54.73,0.11,221,1208553,买盘
09:30:20,54.7,-0.03,214,1169821,中性盘
09:30:23,54.63,-0.07,98,535942,卖盘
09:30:26,54.6,-0.03,151,825159,卖盘
09:30:29,54.62,0.02,178,973181,中性盘
09:30:32,54.74,0.12,421,2300568,买盘
09:30:35,54.73,-0.01,86,470367,中性盘
09:30:38,54.74,0.01,75,410469,买盘
09:30:41,54.88,0.14,200,1095353,买盘
09:30:44,54.88,0.0,171,936985,买盘
09:30:47,54.9,0.02,146,801124,买盘
09:30:50,54.97,0.07,159,872917,买盘
09:30:53,54.88,-0.09,141,774099,卖盘
09:30:56,54.91,0.03,145,796072,买盘
09:30:59,54.98,0.07,50,274891,中性盘
09:31:02,54.98,0.0,66,362629,买盘
09:31:05,54.98,0.0,48,263903,买盘
09:31:08,54.97,-0.01,62,340781,卖盘
09:31:11,54.9,-0.07,164,900697,卖盘
09:31:14,54.85,-0.05,226,1239732,卖盘
09:31:17,54.74,-0.11,131,717437,卖盘
09:31:20,54.74,0.0,71,388504,买盘
09:31:23,54.74,0.0,95,519931,买盘
09:31:26,54.74,0.0,455,2490836,买盘
09:31:29,54.7,-0.04,216,1182737,卖盘
09:31:32,54.8,0.1,238,1302536,买盘
09:31:35,54.89,0.09,151,829518,买盘
09:31:38,54.92,0.03,99,543115,买盘
09:31:41,54.82,-0.1,49,268618,中性盘
09:31:44,54.96,0.14,59,323892,买盘
09:31:47,54.95,-0.01,79,433733,中性盘
09:31:50,54.94,-0.01,163,895918,卖盘
09:31:53,55.0,0.06,94,516616,买盘
09:31:56,54.96,-0.04,91,500154,卖盘
09:31:59,54.94,-0.02,55,301969,中性盘
09:32:02,54.95,0.01,41,225110,买盘
09:32:05,54.89,-0.06,71,389830,卖盘
09:32:08,54.95,0.06,75,411865,买盘
09:32:11,54.98,0.03,101,555012,买盘
09:32:14,54.91,-0.07,40,219829,卖盘
09:32:17,55.01,0.1,85,467618,买盘
09:32:20,55.01,0.0,18,99025,卖盘
09:32:23,55.12,0.11,54,297385,买盘
09:32:26,55.11,-0.01,89,490166,中性盘
09:32:29,55.18,0.07,62,342056,买盘
09:32:32,55.11,-0.07,80,441078,卖盘
09:32:35,55.2,0.09,216,1191010,买盘
09:32:38,55.2,0.0,96,529813,买盘
09:32:41,55.21,0.01,43,237373,买盘
09:32:44,55.25,0.04,5,27617,买盘
09:32:47,55.27,0.02,15,82892,买盘
09:32:50,55.29,0.02,78,431214,买盘
09:32:53,55.31,0.02,98,542006,买盘
09:32:56,55.31,0.0,51,282177,卖盘
09:32:59,55.48,0.17,211,1167980,买盘
09:33:02,55.38,-0.1,140,775633,中性盘
09:33:05,55.29,-0.09,128,708127,卖盘
09:33:08,55.28,-0.01,172,951478,卖盘
09:33:11,55.28,0.0,204,1128765,卖盘
09:33:14,55.25,-0.03,212,1171827,卖盘
09:33:17,55.27,0.02,90,497297,买盘
09:33:20,55.26,-0.01,57,314949,卖盘
09:33:23,55.27,0.01,91,502847,买盘
09:33:26,55.27,0.0,74,408981,卖盘
09:33:29,55.3,0.03,118,652313,买盘
09:33:32,55.31,0.01,103,569945,中性盘
09:33:35,55.38,0.07,77,425891,买盘
09:33:38,55.38,0.0,54,298920,中性盘
09:33:41,55.37,-0.01,75,415231,卖盘
09:33:44,55.38,0.01,86,476093,买盘
09:33:47,55.3,-0.08,90,498027,卖盘
09:33:50,55.39,0.09,110,608896,买盘
09:33:53,55.29,-0.1,51,282122,卖盘
09:33:56,55.29,0.0,65,359365,买盘
09:33:59,55.3,0.01,42,232202,买盘
09:34:02,55.29,-0.01,66,364857,卖盘
09:34:05,55.29,0.0,39,215612,卖盘
09:34:08,55.26,-0.03,23,127162,卖盘
09:34:11,55.29,0.03,120,663480,买盘
09:34:14,55.29,0.0,49,270929,卖盘
09:34:17,55.29,0.0,36,199007,买盘
09:34:20,55.29,0.0,182,1006215,买盘
09:34:23,55.27,-0.02,85,469842,卖盘
09:34:26,55.28,0.01,167,923243,买盘
09:34:29,55.28,0.0,70,386814,中性盘
09:34:32,55.28,0.0,89,492080,卖盘
09:34:35,55.28,0.0,57,315028,买盘
09:34:38,55.28,0.0,32,176786,买盘
09:34:41,55.26,-0.02,138,761920,中性盘
09:34:44,55.21,-0.05,110,607747,卖盘
09:34:47,55.21,0.0,46,253659,卖盘
09:34:50,55.1,-0.11,10,55166,卖盘
09:34:53,55.1,0.0,9,49594,卖盘
09:34:56,55.23,0.13,198,1093000,买盘
09:34:59,55.18,-0.05,58,320226,卖盘
09:35:02,55.22,0.04,28,154596,中性盘
09:35:05,55.19,-0.03,151,833458,卖盘
09:35:08,55.22,0.03,92,507814,买盘
09:35:11,55.22,0.0,79,436370,买盘
09:35:14,55.22,0.0,38,209851,卖盘
09:35:17,55.26,0.04,158,872487,中性盘
09:35:20,55.22,-0.04,40,220911,卖盘
09:35:23,55.25,0.03,9,49715,中性盘
09:35:26,55.25,0.0,18,99444,买盘
09:35:29,55.23,-0.02,21,116019,卖盘
09:35:32,55.3,0.07,69,381405,买盘
09:35:35,55.26,-0.04,64,353733,卖盘
09:35:38,55.3,0.04,47,259888,买盘
09:35:41,55.3,0.0,26,143770,买盘
09:35:44,55.26,-0.04,108,597045,卖盘
09:35:47,55.26,0.0,48,265229,买盘
09:35:50,55.25,-0.01,62,342580,卖盘
09:35:53,55.26,0.01,45,248661,买盘
09:35:56,55.26,0.0,64,353678,买盘
09:35:59,55.24,-0.02,264,1458557,卖盘
09:36:02,55.2,-0.04,264,1458183,卖盘
09:36:05,55.18,-0.02,93,513060,卖盘
09:36:08,55.19,0.01,36,198596,买盘
09:36:11,55.17,-0.02,185,1019978,中性盘
09:36:14,55.1,-0.07,48,264429,中性盘
09:36:17,54.99,-0.11,195,1072814,卖盘
09:36:20,54.97,-0.02,90,495055,卖盘
09:36:23,54.9,-0.07,15,82363,卖盘
09:36:26,55.0,0.1,54,296766,买盘
09:36:29,55.08,0.08,51,280683,买盘
09:36:32,55.01,-0.07,90,495137,卖盘
09:36:35,55.03,0.02,16,88062,卖盘
09:36:38,55.04,0.01,20,110067,买盘
09:36:41,55.0,-0.04,25,137530,卖盘
09:36:44,55.01,0.01,35,192538,卖盘
09:36:47,55.03,0.02,94,517137,买盘
09:36:50,55.01,-0.02,65,357685,卖盘
09:36:53,55.02,0.01,25,137541,买盘
09:36:56,55.01,-0.01,85,467644,卖盘
09:36:59,55.0,-0.01,102,561018,卖盘
09:37:02,55.02,0.02,427,2348678,买盘
09:37:05,55.0,-0.02,106,583157,卖盘
09:37:08,55.02,0.02,104,572077,买盘
09:37:11,55.01,-0.01,23,126558,卖盘
09:37:14,55.0,-0.01,28,154017,卖盘
09:37:17,55.01,0.01,23,126541,中性盘
09:37:20,55.05,0.04,40,220114,买盘
09:37:23,55.06,0.01,33,181588,买盘
09:37:26,55.06,0.0,81,445717,买盘
09:37:29,55.1,0.04,22,121140,买盘
09:37:32,55.1,0.0,7,38556,买盘
09:37:35,55.1,0.0,27,148770,买盘
09:37:38,55.06,-0.04,38,209338,卖盘
09:37:41,55.06,0.0,18,99148,卖盘
09:37:44,55.11,0.05,31,170764,中性盘
09:37:47,55.1,-0.01,52,286521,卖盘
09:37:50,55.1,0.0,62,341677,买盘
09:37:53,55.11,0.01,24,132227,中性盘
09:37:56,55.15,0.04,54,297586,买盘
09:37:59,55.1,-0.05,19,104711,卖盘
09:38:02,55.1,0.0,44,242584,卖盘
09:38:05,55.11,0.01,11,60615,买盘
09:38:08,55.11,0.0,9,49598,买盘
09:38:11,55.1,-0.01,67,369180,卖盘
09:38:14,55.1,0.0,34,187355,卖盘
09:38:17,55.09,-0.01,65,357965,卖盘
09:38:20,55.03,-0.06,38,209215,卖盘
09:38:23,55.02,-0.01,81,445711,卖盘
09:38:26,55.02,0.0,20,110023,中性盘
09:38:29,55.01,-0.01,49,269566,卖盘
09:38:32,54.98,-0.03,175,962507,卖盘
09:38:35,54.99,0.01,30,164919,买盘
09:38:38,54.93,-0.06,30,164852,卖盘
09:38:41,54.93,0.0,94,516548,卖盘
09:38:44,54.96,0.03,135,742015,买盘
09:38:47,54.96,0.0,97,532760,买盘
09:38:50,54.94,-0.02,95,521891,卖盘
09:38:53,54.95,0.01,36,197806,中性盘
09:38:56,54.94,-0.01,63,346125,卖盘
09:38:59,54.94,0.0,18,98869,买盘
09:39:02,54.95,0.01,109,598836,买盘
09:39:05,54.89,-0.06,105,576357,卖盘
09:39:08,54.89,0.0,55,301851,买盘
09:39:11,54.89,0.0,57,312658,买盘
09:39:14,54.89,0.0,28,153660,买盘
09:39:17,54.94,0.05,32,175762,买盘
09:39:20,54.99,0.05,220,1208018,买盘
09:39:23,54.92,-0.07,70,384581,卖盘
09:39:26,54.98,0.06,54,296867,中性盘
09:39:29,54.98,0.0,33,181387,卖盘
09:39:32,54.96,-0.02,77,423452,中性盘
09:39:35,54.98,0.02,24,131928,买盘
09:39:38,54.95,-0.03,30,164839,卖盘
09:39:41,54.88,-0.07,31,170307,卖盘
09:39:44,54.87,-0.01,8,43935,卖盘
09:39:47,54.86,-0.01,64,351162,卖盘
09:39:50,54.84,-0.02,32,175507,卖盘
09:39:53,54.94,0.1,70,384044,买盘
09:39:56,54.88,-0.06,38,208446,中性盘
09:39:59,54.86,-0.02,591,3240246,卖盘
09:40:02,54.86,0.0,156,855876,卖盘
09:40:05,54.86,0.0,48,263320,卖盘
09:40:08,54.86,0.0,50,274277,买盘
09:40:11,54.91,0.05,85,466781,买盘
09:40:14,54.96,0.05,40,219724,买盘
09:40:17,54.98,0.02,136,747501,买盘
09:40:20,54.99,0.01,52,285944,卖盘
09:40:23,54.93,-0.06,33,181359,卖盘
09:40:26,54.95,0.02,28,153797,买盘
09:40:29,54.91,-0.04,31,170194,中性盘
09:40:32,54.9,-0.01,10,54914,卖盘
09:40:35,54.91,0.01,20,109812,买盘
09:40:38,54.9,-0.01,29,159214,卖盘
09:40:41,54.9,0.0,48,263514,买盘
09:40:44,54.9,0.0,71,389776,买盘
09:40:47,54.9,0.0,64,351388,卖盘
09:40:50,54.88,-0.02,26,142728,卖盘
09:40:53,54.88,0.0,25,137248,卖盘
09:40:56,54.87,-0.01,70,384178,卖盘
09:40:59,54.86,-0.01,9,49388,卖盘
09:41:02,54.9,0.04,193,1059290,买盘
09:41:05,54.87,-0.03,31,170080,中性盘
09:41:08,54.86,-0.01,8,43887,卖盘
09:41:11,54.95,0.09,423,2321845,买盘
09:41:14,55.0,0.05,387,2128071,买盘
09:41:17,55.09,0.09,320,1760316,买盘
09:41:20,55.05,-0.04,36,198157,中性盘
09:41:23,55.1,0.05,34,187325,买盘
09:41:26,55.09,-0.01,45,247878,卖盘
09:41:29,55.07,-0.02,82,451762,卖盘
09:41:32,55.1,0.03,48,264350,买盘
09:41:35,55.1,0.0,43,236888,买盘
09:41:38,55.12,0.02,14,77147,买盘
09:41:41,55.15,0.03,12,66150,买盘
09:41:44,55.15,0.0,22,121301,买盘
09:41:47,55.12,-0.03,7,38585,卖盘
09:41:50,55.12,0.0,23,126776,买盘
09:41:53,55.16,0.04,52,286657,买盘
09:41:56,55.16,0.0,11,60676,卖盘
09:41:59,55.11,-0.05,21,115740,卖盘
09:42:02,55.12,0.01,46,253505,买盘
09:42:05,55.1,-0.02,114,628341,卖盘
09:42:08,55.12,0.02,25,137769,中性盘
09:42:11,55.11,-0.01,7,38582,卖盘
09:42:14,55.1,-0.01,110,606133,卖盘
09:42:17,55.06,-0.04,33,181841,卖盘
09:42:20,55.06,0.0,32,176255,卖盘
09:42:23,55.03,-0.03,14,77090,卖盘
09:42:26,55.06,0.03,23,126572,买盘
09:42:29,55.0,-0.06,110,605767,卖盘
09:42:32,55.04,0.04,16,88049,买盘
09:42:35,55.03,-0.01,52,286255,卖盘
09:42:38,55.04,0.01,106,583347,卖盘
09:42:41,55.03,-0.01,44,242079,卖盘
09:42:44,55.07,0.04,11,60563,买盘
09:42:47,55.04,-0.03,50,275241,卖盘
09:42:50,55.06,0.02,7,38527,买盘
09:42:53,55.03,-0.03,66,363259,卖盘
09:42:56,55.09,0.06,82,451326,买盘
09:42:59,55.05,-0.04,36,198124,中性盘
09:43:02,55.09,0.04,44,242320,买盘
09:43:05,55.12,0.03,337,1856904,买盘
09:43:08,55.12,0.0,65,358326,卖盘
09:43:11,55.12,0.0,20,110258,卖盘
09:43:14,55.12,0.0,8,44117,卖盘
09:43:17,55.16,0.04,8,44126,买盘
09:43:20,55.16,0.0,17,93772,卖盘
09:43:23,55.19,0.03,12,66217,买盘
09:43:26,55.18,-0.01,16,88291,卖盘
09:43:29,55.2,0.02,50,276028,买盘
09:43:32,55.2,0.0,63,347761,卖盘
09:43:35,55.23,0.03,37,204289,买盘
09:43:38,55.2,-0.03,28,154592,卖盘
09:43:41,55.24,0.04,6,33132,买盘
09:43:44,55.22,-0.02,33,182274,卖盘
09:43:47,55.23,0.01,57,314786,买盘
09:43:50,55.2,-0.03,34,187749,卖盘
09:43:53,55.23,0.03,75,414186,买盘
09:43:56,55.25,0.02,30,165694,买盘
09:43:59,55.23,-0.02,23,127019,卖盘
09:44:02,55.23,0.0,48,265112,卖盘
09:44:05,55.21,-0.02,84,463898,卖盘
09:44:08,55.25,0.04,50,276218,买盘
09:44:11,55.24,-0.01,63,347936,卖盘
09:44:14,55.24,0.0,78,430727,买盘
09:44:17,55.19,-0.05,187,1032234,卖盘
09:44:20,55.14,-0.05,110,606658,卖盘
09:44:23,55.15,0.01,29,159865,买盘
09:44:26,55.09,-0.06,31,170867,卖盘
09:44:29,55.15,0.06,17,93666,买盘
09:44:32,55.07,-0.08,84,462739,卖盘
09:44:35,55.05,-0.02,25,137647,卖盘
09:44:38,55.03,-0.02,15,82567,卖盘
09:44:41,55.05,0.02,68,374469,买盘
09:44:44,55.11,0.06,101,555874,中性盘
09:44:47,55.06,-0.05,12,66061,中性盘
09:44:50,55.11,0.05,9,49577,买盘
09:44:53,55.14,0.03,47,259052,买盘
09:44:56,55.07,-0.07,52,286588,卖盘
09:44:59,55.15,0.08,7,38585,中性盘
09:45:02,55.18,0.03,16,88188,买盘
09:45:05,55.1,-0.08,3,16536,卖盘
09:45:08,55.18,0.08,7,38590,买盘
09:45:11,55.1,-0.08,73,402441,卖盘
09:45:14,55.14,0.04,56,308804,中性盘
09:45:17,55.12,-0.02,26,143358,卖盘
09:45:20,55.12,0.0,5,27562,卖盘
09:45:23,55.1,-0.02,64,352707,卖盘
09:45:26,55.11,0.01,110,606083,买盘
09:45:29,55.06,-0.05,99,545276,卖盘
09:45:32,55.06,0.0,199,1095546,卖盘
09:45:35,55.06,0.0,24,132040,买盘
09:45:38,55.06,0.0,31,170630,买盘
09:45:41,55.06,0.0,15,82590,卖盘
09:45:44,55.06,0.0,13,71578,卖盘
09:45:47,55.01,-0.05,17,93557,中性盘
09:45:50,55.0,-0.01,95,523182,卖盘
09:45:53,55.01,0.01,20,110024,中性盘
09:45:56,55.06,0.05,38,209096,中性盘
09:45:59,55.03,-0.03,22,121075,卖盘
09:46:02,55.06,0.03,112,616704,中性盘
09:46:05,55.1,0.04,21,115619,买盘
09:46:08,55.06,-0.04,6,33036,中性盘
09:46:11,55.1,0.04,21,115670,买盘
09:46:14,55.08,-0.02,7,38561,卖盘
09:46:17,55.09,0.01,2,11019,中性盘
09:46:20,55.09,0.0,26,143210,买盘
09:46:23,55.1,0.01,13,71608,买盘
09:46:26,55.09,-0.01,19,104652,卖盘
09:46:29,55.1,0.01,36,198335,买盘
09:46:32,55.1,0.0,88,484854,买盘
09:46:35,55.09,-0.01,68,374598,卖盘
09:46:38,55.1,0.01,14,77141,中性盘
09:46:41,55.09,-0.01,26,143262,卖盘
09:46:44,55.09,0.0,100,550902,卖盘
09:46:47,55.1,0.01,69,380203,买盘
09:46:50,55.09,-0.01,49,269975,卖盘
09:46:53,55.1,0.01,17,93677,中性盘
09:46:56,55.13,0.03,34,187478,中性盘
09:46:59,55.14,0.01,4,22056,卖盘
09:47:02,55.14,0.0,53,292225,中性盘
09:47:05,55.18,0.04,72,397397,买盘
09:47:08,55.18,0.0,16,88313,卖盘
09:47:11,55.14,-0.04,22,121355,卖盘
09:47:14,55.24,0.1,39,215355,买盘
09:47:17,55.21,-0.03,6,33136,卖盘
09:47:20,55.21,0.0,47,259630,卖盘
09:47:23,55.19,-0.02,121,668008,卖盘
09:47:26,55.18,-0.01,18,99312,卖盘
09:47:29,55.18,0.0,22,121389,买盘
09:47:32,55.2,0.02,13,71747,买盘
09:47:35,55.27,0.07,110,607493,买盘
09:47:38,55.25,-0.02,24,132517,买盘
09:47:41,55.2,-0.05,7,38640,卖盘
09:47:44,55.25,0.05,19,104975,买盘
09:47:47,55.27,0.02,83,458779,买盘
09:47:50,55.27,0.0,16,88409,买盘
09:47:53,55.27,0.0,4,22108,卖盘
09:47:56,55.3,0.03,150,829274,买盘
09:47:59,55.21,-0.09,23,127073,卖盘
09:48:02,55.28,0.07,227,1254828,买盘
09:48:05,55.22,-0.06,47,259697,卖盘
09:48:08,55.21,-0.01,48,265091,卖盘
09:48:11,55.22,0.01,42,231971,中性盘
09:48:14,55.22,0.0,22,121547,卖盘
09:48:17,55.27,0.05,23,127063,买盘
09:48:20,55.27,0.0,34,187766,买盘
09:48:23,55.27,0.0,47,259624,买盘
09:48:26,55.25,-0.02,62,342609,卖盘
09:48:29,55.27,0.02,115,635351,买盘
09:48:32,55.27,0.0,34,187911,卖盘
09:48:35,55.27,0.0,106,585638,卖盘
09:48:38,55.27,0.0,23,127080,买盘
09:48:41,55.25,-0.02,81,447659,卖盘
09:48:44,55.25,0.0,21,116033,卖盘
09:48:47,55.27,0.02,51,281878,买盘
09:48:50,55.27,0.0,98,541759,卖盘
09:48:53,55.22,-0.05,157,867497,卖盘
09:48:56,55.28,0.06,59,325940,买盘
09:48:59,55.3,0.02,59,326254,买盘
09:49:02,55.31,0.01,19,105076,买盘
09:49:05,55.32,0.01,22,121678,买盘
09:49:08,55.32,0.0,20,110641,卖盘
09:49:11,55.28,-0.04,221,1222120,卖盘
09:49:14,55.25,-0.03,123,680022,卖盘
09:49:17,55.25,0.0,57,314889,买盘
09:49:20,55.23,-0.02,107,591098,卖盘
09:49:23,55.23,0.0,17,93888,卖盘
09:49:26,55.23,0.0,113,624209,买盘
09:49:29,55.23,0.0,19,104942,卖盘
09:49:32,55.23,0.0,39,215398,卖盘
09:49:35,55.24,0.01,276,1525786,买盘
09:49:38,55.3,0.06,59,326063,买盘
09:49:41,55.3,0.0,53,292906,买盘
09:49:44,55.3,0.0,15,82876,买盘
09:49:47,55.3,0.0,16,88483,买盘
09:49:50,55.3,0.0,42,232195,卖盘
09:49:53,55.3,0.0,17,93990,买盘
09:49:56,55.26,-0.04,285,1573706,中性盘
09:49:59,55.27,0.01,39,215283,买盘
09:50:02,55.27,0.0,12,66304,买盘
09:50:05,55.27,0.0,11,60813,买盘
09:50:08,55.25,-0.02,30,165792,卖盘
09:50:11,55.26,0.01,8,44208,中性盘
09:50:14,55.25,-0.01,22,121569,卖盘
09:50:17,55.25,0.0,59,326030,卖盘
09:50:20,55.25,0.0,86,475257,卖盘
09:50:23,55.25,0.0,18,99456,卖盘
09:50:26,55.28,0.03,56,309526,买盘
09:50:29,55.29,0.01,19,105036,买盘
09:50:32,55.29,0.0,17,93978,中性盘
09:50:35,55.3,0.01,21,116111,买盘
09:50:38,55.3,0.0,21,116116,买盘
09:50:41,55.29,-0.01,157,867635,卖盘
09:50:44,55.28,-0.01,44,243166,中性盘
09:50:47,55.26,-0.02,39,215519,中性盘
09:50:50,55.2,-0.06,6,33120,卖盘
09:50:53,55.24,0.04,40,220820,中性盘
09:50:56,55.22,-0.02,11,60752,卖盘
09:50:59,55.22,0.0,47,259578,卖盘
09:51:02,55.24,0.02,23,127020,买盘
09:51:05,55.23,-0.01,3,16571,卖盘
09:51:08,55.24,0.01,7,38665,买盘
09:51:11,55.16,-0.08,301,1661549,卖盘
09:51:14,55.16,0.0,35,193002,买盘
09:51:17,55.13,-0.03,38,209515,卖盘
09:51:20,55.13,0.0,110,606218,买盘
09:51:23,55.2,0.07,53,292369,买盘
09:51:26,55.18,-0.02,19,104802,买盘
09:51:29,55.19,0.01,7,38621,买盘
09:51:32,55.19,0.0,25,138026,卖盘
09:51:35,55.24,0.05,11,60730,买盘
09:51:38,55.2,-0.04,39,215264,中性盘
09:51:41,55.23,0.03,25,137990,中性盘
09:51:44,55.23,0.0,3,16570,卖盘
09:51:47,55.25,0.02,84,463925,买盘
09:51:50,55.25,0.0,40,221001,卖盘
09:51:53,55.26,0.01,53,292827,买盘
09:51:56,55.28,0.02,93,514054,买盘
09:51:59,55.28,0.0,27,149206,买盘
09:52:02,55.29,0.01,120,663243,买盘
09:52:05,55.3,0.01,77,425760,买盘
09:52:08,55.36,0.06,294,1626508,买盘
09:52:11,55.34,-0.02,58,321160,卖盘
09:52:14,55.38,0.04,21,116267,买盘
09:52:17,55.39,0.01,10,55385,买盘
09:52:20,55.4,0.01,13,72019,买盘
09:52:23,55.4,0.0,71,393292,买盘
09:52:26,55.4,0.0,88,487513,卖盘
09:52:29,55.37,-0.03,61,337748,卖盘
09:52:32,55.28,-0.09,233,1288532,卖盘
09:52:35,55.25,-0.03,136,752138,卖盘
09:52:38,55.27,0.02,41,226529,买盘
09:52:41,55.28,0.01,19,104963,买盘
09:52:44,55.33,0.05,5,27650,买盘
09:52:47,55.28,-0.05,7,38716,中性盘
09:52:50,55.33,0.05,6,33190,买盘
09:52:53,55.28,-0.05,25,138229,卖盘
09:52:56,55.32,0.04,50,276505,中性盘
09:52:59,55.33,0.01,52,287684,买盘
09:53:02,55.33,0.0,16,88508,买盘
09:53:05,55.32,-0.01,8,44256,中性盘
09:53:08,55.32,0.0,145,801514,买盘
09:53:11,55.33,0.01,56,309777,买盘
09:53:14,55.3,-0.03,6,33176,中性盘
09:53:17,55.29,-0.01,52,287661,卖盘
09:53:20,55.33,0.04,18,99538,买盘
09:53:23,55.28,-0.05,17,93990,卖盘
09:53:26,55.32,0.04,8,44228,买盘
09:53:29,55.3,-0.02,19,105049,中性盘
09:53:32,55.28,-0.02,24,132673,卖盘
09:53:35,55.29,0.01,17,94023,中性盘
09:53:38,55.32,0.03,17,93974,买盘
09:53:41,55.31,-0.01,112,619024,中性盘
09:53:44,55.31,0.0,53,292988,买盘
09:53:47,55.31,0.0,26,143732,买盘
09:53:50,55.3,-0.01,29,160360,中性盘
09:53:53,55.3,0.0,10,55288,买盘
09:53:56,55.27,-0.03,185,1022680,卖盘
09:53:59,55.25,-0.02,32,176844,卖盘
09:54:02,55.26,0.01,27,149217,中性盘
09:54:05,55.26,0.0,16,88403,买盘
09:54:08,55.25,-0.01,15,82882,卖盘
09:54:11,55.26,0.01,17,93935,买盘
09:54:14,55.27,0.01,13,71840,买盘
09:54:17,55.28,0.01,65,359258,买盘
09:54:20,55.26,-0.02,30,165795,卖盘
09:54:23,55.26,0.0,14,77356,买盘
09:54:26,55.25,-0.01,51,281861,卖盘
09:54:29,55.26,0.01,54,298451,买盘
09:54:32,55.28,0.02,9,49738,买盘
09:54:35,55.31,0.03,87,481084,买盘
09:54:38,55.34,0.03,90,497892,买盘
09:54:41,55.35,0.01,17,94085,买盘
09:54:44,55.35,0.0,87,481409,买盘
09:54:47,55.36,0.01,30,166021,买盘
09:54:50,55.36,0.0,25,138368,买盘
09:54:53,55.35,-0.01,30,166055,卖盘
09:54:56,55.35,0.0,26,143897,中性盘
09:54:59,55.35,0.0,26,143907,买盘
09:55:02,55.36,0.01,65,359779,买盘
09:55:05,55.37,0.01,9,49825,买盘
09:55:08,55.36,-0.01,12,66433,卖盘
09:55:11,55.37,0.01,32,177180,买盘
09:55:14,55.39,0.02,16,88606,买盘
09:55:17,55.38,-0.01,6,33228,卖盘
09:55:20,55.4,0.02,11,60940,买盘
09:55:23,55.4,0.0,32,177280,买盘
09:55:26,55.41,0.01,24,132983,买盘
09:55:29,55.41,0.0,2,11082,卖盘
09:55:32,55.42,0.01,39,216135,买盘
09:55:35,55.41,-0.01,80,443322,卖盘
09:55:38,55.43,0.02,24,133024,买盘
09:55:41,55.43,0.0,11,60973,卖盘
09:55:44,55.45,0.02,49,271662,买盘
09:55:47,55.45,0.0,134,742988,买盘
09:55:50,55.46,0.01,48,266168,买盘
09:55:53,55.45,-0.01,14,77630,卖盘
09:55:56,55.45,0.0,15,83183,卖盘
09:55:59,55.46,0.01,142,787478,买盘
09:56:02,55.43,-0.03,173,959090,卖盘
09:56:05,55.46,0.03,96,532199,买盘
09:56:08,55.44,-0.02,25,138546,买盘
09:56:11,55.41,-0.03,30,166294,中性盘
09:56:14,55.43,0.02,29,160733,买盘
09:56:17,55.41,-0.02,92,509730,卖盘
09:56:20,55.4,-0.01,10,55407,卖盘
09:56:23,55.41,0.01,23,127441,中性盘
09:56:26,55.42,0.01,39,216100,买盘
09:56:29,55.4,-0.02,32,177311,卖盘
09:56:32,55.4,0.0,29,160684,卖盘
09:56:35,55.4,0.0,35,193922,卖盘
09:56:38,55.42,0.02,33,182850,买盘
09:56:41,55.42,0.0,32,177328,买盘
09:56:44,55.4,-0.02,47,260440,卖盘
09:56:47,55.4,0.0,35,193928,卖盘
09:56:50,55.4,0.0,21,116326,买盘
09:56:53,55.41,0.01,107,592733,买盘
09:56:56,55.41,0.0,90,498320,买盘
09:56:59,55.36,-0.05,25,138480,卖盘
09:57:02,55.4,0.04,42,232641,买盘
09:57:05,55.4,0.0,12,66481,卖盘
09:57:08,55.36,-0.04,57,315755,卖盘
09:57:11,55.36,0.0,8,44298,中性盘
09:57:14,55.4,0.04,6,33240,买盘
09:57:17,55.37,-0.03,8,44291,卖盘
09:57:20,55.4,0.03,9,49842,买盘
09:57:23,55.4,0.0,30,166135,买盘
09:57:26,55.4,0.0,39,216045,买盘
09:57:29,55.4,0.0,55,304687,买盘
09:57:32,55.4,0.0,48,265933,买盘
09:57:35,55.4,0.0,212,1174841,卖盘
09:57:38,55.41,0.01,35,193916,中性盘
09:57:41,55.4,-0.01,440,2437633,卖盘
09:57:44,55.4,0.0,89,493065,卖盘
09:57:47,55.4,0.0,60,332381,买盘
09:57:50,55.4,0.0,36,199411,买盘
09:57:53,55.39,-0.01,3,16617,卖盘
09:57:56,55.39,0.0,90,498593,买盘
09:57:59,55.38,-0.01,13,71969,买盘
09:58:02,55.38,0.0,15,83078,卖盘
09:58:05,55.35,-0.03,2,11070,卖盘
09:58:08,55.38,0.03,80,443012,买盘
09:58:11,55.43,0.05,105,581615,买盘
09:58:14,55.44,0.01,35,194011,买盘
09:58:17,55.42,-0.02,292,1618311,卖盘
09:58:20,55.41,-0.01,58,321421,中性盘
09:58:23,55.53,0.12,506,2807253,买盘
09:58:26,55.48,-0.05,132,732632,卖盘
09:58:29,55.46,-0.02,12,66563,卖盘
09:58:32,55.48,0.02,16,88768,买盘
09:58:35,55.48,0.0,70,388587,买盘
09:58:38,55.5,0.02,12,66593,中性盘
09:58:41,55.59,0.09,170,944351,买盘
09:58:44,55.6,0.01,41,227931,买盘
09:58:47,55.6,0.0,148,823573,买盘
09:58:50,55.69,0.09,21,116831,中性盘
09:58:53,55.65,-0.04,25,139130,卖盘
09:58:56,55.62,-0.03,9,50079,中性盘
09:58:59,55.61,-0.01,86,478814,卖盘
09:59:02,55.65,0.04,24,133591,卖盘
09:59:05,55.65,0.0,131,729431,卖盘
09:59:08,55.69,0.04,99,551190,买盘
09:59:11,55.69,0.0,61,339708,卖盘
09:59:14,55.66,-0.03,81,451001,卖盘
09:59:17,55.69,0.03,108,601385,买盘
09:59:20,55.68,-0.01,37,205991,中性盘
09:59:23,55.68,0.0,74,412110,买盘
09:59:26,55.69,0.01,21,116930,中性盘
09:59:29,55.69,0.0,43,239475,买盘
09:59:32,55.7,0.01,149,829646,买盘
09:59:35,55.7,0.0,96,534688,买盘
09:59:38,55.69,-0.01,87,484551,卖盘
09:59:41,55.7,0.01,195,1086089,买盘
09:59:44,55.7,0.0,69,384266,买盘
09:59:47,55.7,0.0,56,311915,买盘
09:59:50,55.7,0.0,56,311885,卖盘
09:59:53,55.7,0.0,45,250670,卖盘
09:59:56,55.7,0.0,175,974852,卖盘
09:59:59,55.7,0.0,196,1091835,卖盘
10:00:02,55.7,0.0,124,690649,买盘
10:00:05,55.7,0.0,54,300752,买盘
10:00:08,55.69,-0.01,45,250578,中性盘
10:00:11,55.69,0.0,63,350827,卖盘
10:00:14,55.69,0.0,84,467851,买盘
10:00:17,55.69,0.0,58,323009,卖盘
10:00:20,55.7,0.01,73,406602,买盘
10:00:23,55.7,0.0,120,668495,卖盘
10:00:26,55.69,-0.01,84,467821,卖盘
10:00:29,55.7,0.01,28,155947,买盘
10:00:32,55.7,0.0,141,785326,买盘
10:00:35,55.82,0.12,691,3851546,买盘
10:00:38,55.87,0.05,150,837179,买盘
10:00:41,55.87,0.0,48,268085,买盘
10:00:44,55.89,0.02,123,687329,买盘
10:00:47,55.89,0.0,54,301746,买盘
10:00:50,55.89,0.0,84,469393,买盘
10:00:53,55.91,0.02,86,480787,买盘
10:00:56,55.91,0.0,58,324305,卖盘
10:00:59,55.93,0.02,57,318783,买盘
10:01:02,55.9,-0.03,164,916842,卖盘
10:01:05,55.85,-0.05,197,1100714,卖盘
10:01:08,55.89,0.04,231,1290380,买盘
10:01:11,55.78,-0.11,39,217647,卖盘
10:01:14,55.85,0.07,12,67030,卖盘
10:01:17,55.86,0.01,12,67027,中性盘
10:01:20,55.84,-0.02,93,518888,中性盘
10:01:23,55.85,0.01,70,390889,买盘
10:01:26,55.85,0.0,62,346310,卖盘
10:01:29,55.85,0.0,127,709313,买盘
10:01:32,55.84,-0.01,41,228892,卖盘
10:01:35,55.81,-0.03,49,273593,卖盘
10:01:38,55.83,0.02,24,133998,中性盘
10:01:41,55.85,0.02,189,1055366,买盘
10:01:44,55.84,-0.01,62,346146,卖盘
10:01:47,55.86,0.02,54,301632,买盘
10:01:50,55.86,0.0,64,357556,卖盘
10:01:53,55.89,0.03,48,268220,买盘
10:01:56,55.87,-0.02,165,922281,卖盘
10:01:59,55.96,0.09,287,1604869,买盘
10:02:02,55.98,0.02,120,671589,买盘
10:02:05,55.98,0.0,80,447845,买盘
10:02:08,55.99,0.01,55,307913,买盘
10:02:11,56.05,0.06,367,2055287,买盘
10:02:14,56.05,0.0,187,1048089,买盘
10:02:17,56.1,0.05,102,571830,买盘
10:02:20,56.1,0.0,87,488071,买盘
10:02:23,56.14,0.04,74,415311,买盘
10:02:26,56.15,0.01,211,1184324,买盘
10:02:29,56.16,0.01,104,583923,买盘
10:02:32,56.17,0.01,197,1106365,买盘
10:02:35,56.2,0.03,419,2353935,买盘
10:02:38,56.21,0.01,211,1185799,买盘
10:02:41,56.2,-0.01,159,893774,卖盘
10:02:44,56.2,0.0,220,1236717,卖盘
10:02:47,56.2,0.0,393,2208609,卖盘
10:02:50,56.14,-0.06,348,1955048,卖盘
10:02:53,56.1,-0.04,104,583865,卖盘
10:02:56,56.1,0.0,104,583914,卖盘
10:02:59,56.14,0.04,141,791156,买盘
10:03:02,56.14,0.0,94,527608,买盘
10:03:05,56.15,0.01,53,297465,买盘
10:03:08,56.13,-0.02,103,577982,卖盘
10:03:11,56.13,0.0,197,1105446,买盘
10:03:14,56.12,-0.01,59,330897,中性盘
10:03:17,56.13,0.01,112,628240,买盘
10:03:20,56.11,-0.02,94,527100,中性盘
10:03:23,56.08,-0.03,64,358834,中性盘
10:03:26,56.1,0.02,135,756575,买盘
10:03:29,55.98,-0.12,199,1114602,卖盘
10:03:32,55.92,-0.06,47,263035,卖盘
10:03:35,55.93,0.01,6,33555,中性盘
10:03:38,55.9,-0.03,8,44724,卖盘
10:03:41,55.9,0.0,18,100619,卖盘
10:03:44,55.9,0.0,20,111792,买盘
10:03:47,55.89,-0.01,60,335362,卖盘
10:03:50,55.89,0.0,126,704267,卖盘
10:03:53,55.88,-0.01,55,307374,卖盘
10:03:56,55.9,0.02,118,659512,买盘
10:03:59,55.89,-0.01,80,447141,中性盘
10:04:02,55.96,0.07,156,872066,买盘
10:04:05,55.96,0.0,313,1750705,卖盘
10:04:08,56.02,0.06,122,682948,买盘
10:04:11,56.02,0.0,27,151271,买盘
10:04:14,56.02,0.0,337,1887822,卖盘
10:04:17,55.98,-0.04,269,1506838,卖盘
10:04:20,55.98,0.0,72,403005,中性盘
10:04:23,55.91,-0.07,26,145444,卖盘
10:04:26,55.91,0.0,221,1235271,买盘
10:04:29,55.78,-0.13,188,1049594,卖盘
10:04:32,55.84,0.06,84,468803,买盘
10:04:35,55.84,0.0,9,50204,买盘
10:04:38,55.84,0.0,41,228756,买盘
10:04:41,55.84,0.0,18,100506,买盘
10:04:44,55.78,-0.06,33,184066,卖盘
10:04:47,55.78,0.0,41,228750,卖盘
10:04:50,55.78,0.0,10,55780,买盘
10:04:53,55.78,0.0,26,144983,买盘
10:04:56,55.76,-0.02,33,183987,卖盘
10:04:59,55.76,0.0,3,16731,卖盘
10:05:02,55.76,0.0,137,763834,卖盘
10:05:05,55.76,0.0,24,133827,买盘
10:05:08,55.76,0.0,34,189628,中性盘
10:05:11,55.76,0.0,19,105954,卖盘
10:05:14,55.79,0.03,7,39074,中性盘
10:05:17,55.78,-0.01,50,278974,卖盘
10:05:20,55.78,0.0,5,27902,卖盘
10:05:23,55.78,0.0,64,356952,卖盘
10:05:26,55.79,0.01,43,239933,卖盘
10:05:29,55.82,0.03,15,83702,中性盘
10:05:32,55.81,-0.01,10,55818,卖盘
10:05:35,55.82,0.01,75,418645,买盘
10:05:38,55.82,0.0,313,1746972,卖盘
10:05:41,55.81,-0.01,54,301370,中性盘
10:05:44,55.82,0.01,113,630676,买盘
10:05:47,55.82,0.0,136,759103,买盘
10:05:50,55.82,0.0,29,161891,卖盘
10:05:53,55.82,0.0,26,145132,买盘
10:05:56,55.85,0.03,186,1038225,买盘
10:05:59,55.87,0.02,7,39099,买盘
10:06:02,55.87,0.0,3,16759,买盘
10:06:05,55.86,-0.01,50,279360,卖盘
10:06:08,55.88,0.02,30,167618,买盘
10:06:11,55.89,0.01,33,184419,卖盘
10:06:14,55.9,0.01,11,61490,买盘
10:06:17,55.88,-0.02,138,771324,卖盘
10:06:20,55.88,0.0,13,72662,卖盘
10:06:23,55.88,0.0,97,542101,卖盘
10:06:26,55.87,-0.01,72,402297,卖盘
10:06:29,55.85,-0.02,912,5093632,卖盘
10:06:32,55.79,-0.06,213,1188906,卖盘
10:06:35,55.77,-0.02,13,72509,卖盘
10:06:38,55.79,0.02,19,105998,买盘
10:06:41,55.79,0.0,2,11158,卖盘
10:06:44,55.78,-0.01,4,22312,卖盘
10:06:47,55.78,0.0,69,384895,卖盘
10:06:50,55.78,0.0,36,200822,卖盘
10:06:53,55.79,0.01,52,290074,买盘
10:06:56,55.78,-0.01,62,345836,卖盘
10:06:59,55.78,0.0,31,172926,卖盘
10:07:02,55.78,0.0,23,128304,卖盘
10:07:05,55.79,0.01,27,150632,买盘
10:07:08,55.78,-0.01,125,697328,卖盘
10:07:11,55.77,-0.01,198,1104387,卖盘
10:07:14,55.75,-0.02,134,747184,卖盘
10:07:17,55.75,0.0,3,16727,卖盘
10:07:20,55.75,0.0,16,89214,卖盘
10:07:23,55.78,0.03,94,524136,买盘
10:07:26,55.75,-0.03,26,144964,卖盘
10:07:29,55.75,0.0,6,33450,买盘
10:07:32,55.73,-0.02,8,44592,卖盘
10:07:35,55.72,-0.01,15,83604,卖盘
10:07:38,55.74,0.02,7,39014,买盘
10:07:41,55.72,-0.02,313,1743473,卖盘
10:07:44,55.74,0.02,37,206176,买盘
10:07:47,55.74,0.0,31,172764,买盘
10:07:50,55.73,-0.01,16,89173,卖盘
10:07:53,55.73,0.0,44,245221,卖盘
10:07:56,55.73,0.0,29,161626,买盘
10:07:59,55.73,0.0,27,150465,卖盘
10:08:02,55.72,-0.01,258,1438023,卖盘
10:08:05,55.73,0.01,19,105910,卖盘
10:08:08,55.75,0.02,30,167223,买盘
10:08:11,55.75,0.0,17,94779,卖盘
10:08:14,55.75,0.0,16,89210,卖盘
10:08:17,55.75,0.0,29,161674,买盘
10:08:20,55.75,0.0,75,418123,买盘
10:08:23,55.75,0.0,2,11150,卖盘
10:08:26,55.75,0.0,11,61330,卖盘
10:08:29,55.75,0.0,4,22301,卖盘
10:08:32,55.77,0.02,7,39032,买盘
10:08:35,55.77,0.0,7,39038,买盘
10:08:38,55.77,0.0,21,117126,买盘
10:08:41,55.77,0.0,1,5577,卖盘
10:08:44,55.78,0.01,12,66930,买盘
10:08:47,55.78,0.0,15,83667,买盘
10:08:50,55.79,0.01,3,16737,买盘
10:08:53,55.78,-0.01,30,167342,卖盘
10:08:56,55.79,0.01,50,278991,买盘
10:08:59,55.79,0.0,10,55790,卖盘
10:09:02,55.79,0.0,11,61369,买盘
10:09:05,55.8,0.01,18,100435,买盘
10:09:08,55.79,-0.01,47,262227,卖盘
10:09:11,55.79,0.0,18,100432,卖盘
10:09:14,55.81,0.02,16,89280,买盘
10:09:17,55.8,-0.01,24,133917,卖盘
10:09:20,55.79,-0.01,25,139501,卖盘
10:09:23,55.8,0.01,15,83686,买盘
10:09:26,55.8,0.0,3,16740,卖盘
10:09:29,55.81,0.01,35,195335,买盘
10:09:32,55.82,0.01,5,27906,买盘
10:09:35,55.82,0.0,16,89312,买盘
10:09:38,55.82,0.0,15,83730,买盘
10:09:41,55.83,0.01,2,11168,卖盘
10:09:44,55.82,-0.01,5,27914,卖盘
10:09:47,55.83,0.01,33,184212,买盘
10:09:50,55.83,0.0,1,5583,买盘
10:09:53,55.85,0.02,9,50247,买盘
10:09:56,55.85,0.0,15,83765,买盘
10:09:59,55.85,0.0,16,89360,买盘
10:10:02,55.85,0.0,10,55836,中性盘
10:10:05,55.85,0.0,10,55857,卖盘
10:10:08,55.86,0.01,5,27928,买盘
10:10:11,55.86,0.0,11,61441,买盘
10:10:14,55.86,0.0,14,78204,买盘
10:10:17,55.85,-0.01,96,536211,卖盘
10:10:20,55.81,-0.04,215,1200242,卖盘
10:10:23,55.81,0.0,112,625238,卖盘
10:10:26,55.8,-0.01,13,72542,卖盘
10:10:29,55.8,0.0,79,440856,卖盘
10:10:32,55.8,0.0,51,284585,卖盘
10:10:35,55.79,-0.01,34,189716,卖盘
10:10:38,55.78,-0.01,7,39052,卖盘
10:10:41,55.78,0.0,53,295636,卖盘
10:10:44,55.75,-0.03,48,267703,卖盘
10:10:47,55.76,0.01,4,22302,买盘
10:10:53,55.75,-0.01,44,245308,卖盘
10:10:56,55.73,-0.02,33,183938,卖盘
10:10:59,55.71,-0.02,2,11143,卖盘
10:11:02,55.73,0.02,7,39001,买盘
10:11:05,55.72,-0.01,40,222809,买盘
10:11:08,55.71,-0.01,5,27851,中性盘
10:11:11,55.71,0.0,5,27852,买盘
10:11:14,55.7,-0.01,164,913520,卖盘
10:11:17,55.68,-0.02,2,11138,卖盘
10:11:20,55.68,0.0,23,128134,卖盘
10:11:23,55.68,0.0,15,83520,卖盘
10:11:26,55.67,-0.01,14,77942,卖盘
10:11:29,55.67,0.0,283,1575728,买盘
10:11:32,55.68,0.01,56,311838,中性盘
10:11:35,55.67,-0.01,47,261674,卖盘
10:11:38,55.71,0.04,37,205987,买盘
10:11:41,55.67,-0.04,14,77956,卖盘
10:11:44,55.69,0.02,10,55688,买盘
10:11:47,55.67,-0.02,53,295141,卖盘
10:11:50,55.67,0.0,17,94653,买盘
10:11:53,55.71,0.04,45,250600,买盘
10:11:56,55.72,0.01,17,94704,买盘
10:11:59,55.76,0.04,556,3095306,买盘
10:12:02,55.68,-0.08,5,27847,卖盘
10:12:05,55.71,0.03,42,233934,卖盘
10:12:08,55.75,0.04,15,83587,中性盘
10:12:11,55.73,-0.02,4,22298,中性盘
10:12:14,55.73,0.0,1,5573,卖盘
10:12:17,55.75,0.02,3,16725,买盘
10:12:20,55.75,0.0,8,44592,买盘
10:12:23,55.76,0.01,1,5576,买盘
10:12:26,55.76,0.0,25,139387,买盘
10:12:29,55.76,0.0,8,44608,买盘
10:12:32,55.75,-0.01,25,139395,卖盘
10:12:35,55.76,0.01,66,367964,买盘
10:12:38,55.77,0.01,6,33462,买盘
10:12:41,55.76,-0.01,26,144983,卖盘
10:12:44,55.77,0.01,11,61345,买盘
10:12:47,55.77,0.0,19,105960,买盘
10:12:50,55.76,-0.01,63,351297,卖盘
10:12:53,55.77,0.01,23,128273,卖盘
10:12:56,55.76,-0.01,30,167280,卖盘
10:12:59,55.76,0.0,38,211914,卖盘
10:13:02,55.77,0.01,75,418211,买盘
10:13:05,55.77,0.0,23,128271,买盘
10:13:08,55.76,-0.01,75,418229,卖盘
10:13:11,55.76,0.0,10,55760,买盘
10:13:14,55.75,-0.01,40,223036,卖盘
10:13:17,55.77,0.02,9,50193,卖盘
10:13:20,55.78,0.01,8,44618,买盘
10:13:23,55.77,-0.01,66,368153,卖盘
10:13:26,55.77,0.0,15,83655,买盘
10:13:29,55.76,-0.01,10,55762,卖盘
10:13:32,55.76,0.0,2,11152,买盘
10:13:35,55.76,0.0,16,89206,买盘
10:13:38,55.76,0.0,4,22302,买盘
10:13:41,55.73,-0.03,1,5573,中性盘
10:13:44,55.76,0.03,25,139382,买盘
10:13:47,55.76,0.0,2,11152,买盘
10:13:50,55.75,-0.01,15,83608,买盘
10:13:53,55.85,0.1,382,2131203,买盘
10:13:56,55.82,-0.03,15,83732,卖盘
10:13:59,55.82,0.0,2,11167,卖盘
10:14:02,55.82,0.0,3,16749,中性盘
10:14:05,55.8,-0.02,13,72540,中性盘
10:14:08,55.8,0.0,27,150660,买盘
10:14:11,55.82,0.02,40,223225,买盘
10:14:14,55.82,0.0,4,22328,卖盘
10:14:17,55.83,0.01,14,78160,买盘
10:14:20,55.84,0.01,2,11168,买盘
10:14:23,55.85,0.01,4,22339,买盘
10:14:26,55.87,0.02,30,167581,买盘
10:14:29,55.87,0.0,8,44682,买盘
10:14:32,55.87,0.0,17,94986,买盘
10:14:35,55.87,0.0,44,245828,卖盘
10:14:38,55.87,0.0,28,156426,买盘
10:14:41,55.87,0.0,17,94984,卖盘
10:14:44,55.88,0.01,56,312913,买盘
10:14:47,55.89,0.01,38,212340,买盘
10:14:50,55.9,0.01,1,5590,买盘
10:14:53,55.91,0.01,13,72672,买盘
10:14:56,55.91,0.0,11,61499,买盘
10:14:59,55.91,0.0,74,413844,买盘
10:15:02,55.98,0.07,39,218132,买盘
10:15:05,55.97,-0.01,11,61514,买盘
10:15:08,55.91,-0.06,31,173460,卖盘
10:15:11,55.97,0.06,25,139925,买盘
10:15:14,55.95,-0.02,29,162188,买盘
10:15:17,55.9,-0.05,20,111866,卖盘
10:15:20,55.9,0.0,19,106221,卖盘
10:15:23,55.9,0.0,20,111802,卖盘
10:15:26,55.9,0.0,11,61492,卖盘
10:15:29,55.9,0.0,118,659619,买盘
10:15:32,55.92,0.02,56,313167,买盘
10:15:35,55.9,-0.02,89,497524,卖盘
10:15:38,55.96,0.06,52,290883,买盘
10:15:41,55.97,0.01,27,151093,买盘
10:15:44,55.95,-0.02,18,100710,买盘
10:15:47,55.93,-0.02,7,39157,中性盘
10:15:50,55.95,0.02,20,111900,买盘
10:15:53,55.97,0.02,23,128723,买盘
10:15:56,55.95,-0.02,9,50355,卖盘
10:15:59,55.96,0.01,23,128699,买盘
10:16:02,55.95,-0.01,18,100702,中性盘
10:16:05,55.95,0.0,21,117501,买盘
10:16:08,55.95,0.0,32,179007,买盘
10:16:11,55.93,-0.02,43,240529,卖盘
10:16:14,55.95,0.02,15,83904,买盘
10:16:17,55.93,-0.02,43,240516,买盘
10:16:20,55.91,-0.02,48,268427,卖盘
10:16:23,55.89,-0.02,306,1710571,卖盘
10:16:26,55.9,0.01,79,441638,买盘
10:16:29,55.89,-0.01,17,95013,卖盘
10:16:32,55.89,0.0,34,190026,卖盘
10:16:35,55.88,-0.01,59,329694,卖盘
10:16:38,55.88,0.0,41,229110,卖盘
10:16:41,56.0,0.12,997,5578412,买盘
10:16:44,56.06,0.06,321,1798923,买盘
10:16:47,56.08,0.02,11,61688,买盘
10:16:50,56.09,0.01,26,145831,买盘
10:16:53,56.11,0.02,151,847034,买盘
10:16:56,56.15,0.04,152,853363,买盘
10:16:59,56.17,0.02,55,308886,买盘
10:17:02,56.18,0.01,101,567408,买盘
10:17:05,56.18,0.0,31,174158,买盘
10:17:08,56.19,0.01,110,618011,买盘
10:17:11,56.15,-0.04,252,1415480,卖盘
10:17:14,56.15,0.0,117,656790,买盘
10:17:17,56.14,-0.01,59,331263,卖盘
10:17:20,56.15,0.01,327,1836589,买盘
10:17:23,56.21,0.06,865,4863699,买盘
10:17:26,56.27,0.06,330,1857325,买盘
10:17:29,56.27,0.0,47,264538,卖盘
10:17:32,56.29,0.02,133,748760,买盘
10:17:35,56.38,0.09,250,1408135,买盘
10:17:38,56.4,0.02,151,851594,买盘
10:17:41,56.48,0.08,138,779132,买盘
10:17:44,56.55,0.07,497,2808297,买盘
10:17:47,56.62,0.07,368,2082131,买盘
10:17:50,56.7,0.08,130,736688,买盘
10:17:53,56.72,0.02,449,2545481,买盘
10:17:56,56.77,0.05,301,1706998,买盘
10:17:59,56.77,0.0,209,1186105,卖盘
10:18:02,56.78,0.01,446,2531013,买盘
10:18:05,56.78,0.0,421,2389784,买盘
10:18:08,56.71,-0.07,367,2082985,卖盘
10:18:11,56.73,0.02,337,1911906,中性盘
10:18:14,56.65,-0.08,294,1667198,卖盘
10:18:17,56.65,0.0,111,628883,卖盘
10:18:20,56.63,-0.02,95,537885,卖盘
10:18:23,56.57,-0.06,70,396130,卖盘
10:18:26,56.5,-0.07,76,429655,卖盘
10:18:29,56.49,-0.01,87,491413,卖盘
10:18:32,56.38,-0.11,82,463107,卖盘
10:18:35,56.44,0.06,33,186159,买盘
10:18:38,56.41,-0.03,92,518776,卖盘
10:18:41,56.4,-0.01,99,558451,中性盘
10:18:44,56.4,0.0,82,462497,卖盘
10:18:47,56.43,0.03,116,654333,买盘
10:18:50,56.4,-0.03,181,1020932,卖盘
10:18:53,56.41,0.01,32,180544,卖盘
10:18:56,56.43,0.02,48,270780,中性盘
10:18:59,56.43,0.0,72,406294,卖盘
10:19:02,56.43,0.0,110,620872,中性盘
10:19:05,56.42,-0.01,248,1399450,卖盘
10:19:08,56.45,0.03,66,372535,买盘
10:19:11,56.46,0.01,70,395184,买盘
10:19:14,56.46,0.0,64,361405,卖盘
10:19:17,56.34,-0.12,418,2358728,卖盘
10:19:20,56.45,0.11,371,2092359,买盘
10:19:23,56.42,-0.03,19,107193,中性盘
10:19:26,56.42,0.0,23,129722,买盘
10:19:29,56.42,0.0,27,152300,买盘
10:19:32,56.41,-0.01,57,321292,中性盘
10:19:35,56.35,-0.06,46,259349,卖盘
10:19:38,56.35,0.0,29,163421,买盘
10:19:41,56.35,0.0,24,135260,卖盘
10:19:44,56.35,0.0,134,755104,卖盘
10:19:47,56.36,0.01,28,157799,中性盘
10:19:50,56.38,0.02,63,355111,中性盘
10:19:53,56.36,-0.02,13,73268,中性盘
10:19:56,56.37,0.01,9,50729,买盘
10:19:59,56.37,0.0,73,411546,中性盘
10:20:02,56.37,0.0,26,146566,卖盘
10:20:05,56.35,-0.02,148,834094,卖盘
10:20:08,56.32,-0.03,142,799869,卖盘
10:20:11,56.32,0.0,43,242177,卖盘
10:20:14,56.32,0.0,53,298536,卖盘
10:20:17,56.3,-0.02,100,563141,卖盘
10:20:20,56.3,0.0,50,281483,买盘
10:20:23,56.3,0.0,21,118262,买盘
10:20:26,56.3,0.0,94,529220,卖盘
10:20:29,56.3,0.0,128,720598,买盘
10:20:32,56.3,0.0,36,202680,买盘
10:20:35,56.28,-0.02,8,45033,卖盘
10:20:38,56.28,0.0,55,309622,卖盘
10:20:41,56.29,0.01,37,208260,买盘
10:20:44,56.3,0.01,21,118213,买盘
10:20:47,56.29,-0.01,24,135105,卖盘
10:20:50,56.28,-0.01,2,11257,卖盘
10:20:53,56.31,0.03,78,439134,买盘
10:20:56,56.3,-0.01,44,247720,卖盘
10:20:59,56.31,0.01,24,135142,买盘
10:21:02,56.31,0.0,31,174553,卖盘
10:21:05,56.32,0.01,18,101373,买盘
10:21:08,56.33,0.01,86,484422,买盘
10:21:11,56.33,0.0,10,56331,买盘
10:21:14,56.34,0.01,137,772090,买盘
10:21:17,56.35,0.01,15,84520,中性盘
10:21:20,56.39,0.04,14,78945,买盘
10:21:23,56.39,0.0,19,107166,卖盘
10:21:26,56.41,0.02,32,180475,买盘
10:21:29,56.41,0.0,6,33851,卖盘
10:21:32,56.38,-0.03,330,1860812,卖盘
10:21:35,56.49,0.11,394,2223901,买盘
10:21:38,56.42,-0.07,19,107268,卖盘
10:21:41,56.45,0.03,1,5645,中性盘
10:21:44,56.5,0.05,242,1367289,买盘
10:21:47,56.5,0.0,19,107400,卖盘
10:21:50,56.5,0.0,143,807946,卖盘
10:21:53,56.5,0.0,68,384249,买盘
10:21:56,56.5,0.0,119,672665,卖盘
10:21:59,56.5,0.0,14,79097,买盘
10:22:02,56.5,0.0,137,773959,买盘
10:22:05,56.5,0.0,86,485973,买盘
10:22:08,56.5,0.0,107,604516,卖盘
10:22:11,56.47,-0.03,124,700529,中性盘
10:22:14,56.49,0.02,58,327522,买盘
10:22:17,56.44,-0.05,33,186271,中性盘
10:22:20,56.42,-0.02,36,203168,卖盘
10:22:23,56.38,-0.04,383,2160204,卖盘
10:22:26,56.34,-0.04,108,608979,卖盘
10:22:29,56.42,0.08,44,248028,买盘
10:22:32,56.34,-0.08,9,50706,卖盘
10:22:35,56.34,0.0,9,50707,买盘
10:22:38,56.34,0.0,10,56333,买盘
10:22:41,56.34,0.0,60,338042,买盘
10:22:44,56.34,0.0,7,39438,买盘
10:22:47,56.33,-0.01,43,242265,卖盘
10:22:50,56.34,0.01,29,163385,买盘
10:22:53,56.34,0.0,18,101411,卖盘
10:22:56,56.33,-0.01,25,140828,卖盘
10:22:59,56.32,-0.01,20,112650,卖盘
10:23:02,56.33,0.01,51,287280,买盘
10:23:05,56.31,-0.02,334,1881056,卖盘
10:23:08,56.31,0.0,64,360337,卖盘
10:23:11,56.31,0.0,17,95714,买盘
10:23:14,56.3,-0.01,63,354690,卖盘
10:23:17,56.3,0.0,38,213935,卖盘
10:23:20,56.23,-0.07,57,320753,卖盘
10:23:23,56.22,-0.01,4,22495,卖盘
10:23:26,56.15,-0.07,268,1506305,卖盘
10:23:29,56.15,0.0,15,84255,卖盘
10:23:32,56.15,0.0,6,33690,卖盘
10:23:35,56.13,-0.02,34,190898,卖盘
10:23:38,56.12,-0.01,3,16836,卖盘
10:23:41,56.15,0.03,27,151595,买盘
10:23:44,56.13,-0.02,19,106632,中性盘
10:23:47,56.13,0.0,25,140316,买盘
10:23:50,56.12,-0.01,35,196426,卖盘
10:23:53,56.12,0.0,10,56120,买盘
10:23:56,56.11,-0.01,46,258111,卖盘
10:23:59,56.1,-0.01,105,589134,卖盘
10:24:02,56.1,0.0,71,398324,卖盘
10:24:05,56.1,0.0,40,224430,买盘
10:24:08,56.15,0.05,102,572214,买盘
10:24:11,56.2,0.05,37,207784,买盘
10:24:14,56.22,0.02,9,50576,买盘
10:24:17,56.22,0.0,4,22488,买盘
10:24:20,56.22,0.0,26,146210,卖盘
10:24:23,56.23,0.01,4,22504,卖盘
10:24:26,56.3,0.07,45,253322,买盘
10:24:29,56.3,0.0,8,45035,买盘
10:24:32,56.3,0.0,44,247717,买盘
10:24:35,56.3,0.0,17,95719,卖盘
10:24:38,56.3,0.0,14,78838,卖盘
10:24:41,56.3,0.0,40,225208,卖盘
10:24:44,56.31,0.01,54,304060,买盘
10:24:47,56.32,0.01,131,737690,买盘
10:24:50,56.4,0.08,316,1779934,买盘
10:24:53,56.4,0.0,8,45114,买盘
10:24:56,56.4,0.0,10,56400,买盘
10:24:59,56.37,-0.03,21,118431,卖盘
10:25:02,56.36,-0.01,57,321395,卖盘
10:25:05,56.36,0.0,5,28185,卖盘
10:25:08,56.35,-0.01,9,50725,卖盘
10:25:11,56.33,-0.02,15,84541,卖盘
10:25:14,56.33,0.0,17,95812,卖盘
10:25:17,56.32,-0.01,83,467469,卖盘
10:25:20,56.32,0.0,67,377351,卖盘
10:25:23,56.32,0.0,58,326676,卖盘
10:25:26,56.3,-0.02,158,889668,卖盘
10:25:29,56.32,0.02,49,275895,买盘
10:25:32,56.31,-0.01,6,33778,中性盘
10:25:35,56.28,-0.03,49,275786,卖盘
10:25:38,56.23,-0.05,22,123777,卖盘
10:25:41,56.23,0.0,16,90016,卖盘
10:25:44,56.22,-0.01,13,73095,卖盘
10:25:47,56.23,0.01,32,179915,买盘
10:25:50,56.22,-0.01,62,348749,卖盘
10:25:53,56.23,0.01,4,22491,买盘
10:25:56,56.23,0.0,11,61852,买盘
10:25:59,56.23,0.0,7,39360,卖盘
10:26:02,56.23,0.0,47,264291,卖盘
10:26:05,56.23,0.0,44,247403,买盘
10:26:08,56.26,0.03,62,348726,买盘
10:26:11,56.23,-0.03,20,112519,卖盘
10:26:14,56.23,0.0,6,33738,卖盘
10:26:17,56.25,0.02,2,11248,中性盘
10:26:20,56.27,0.02,43,241861,买盘
10:26:23,56.3,0.03,464,2610078,买盘
10:26:26,56.3,0.0,36,202681,卖盘
10:26:29,56.28,-0.02,58,326555,卖盘
10:26:32,56.32,0.04,174,979668,买盘
10:26:35,56.42,0.1,1146,6458602,买盘
10:26:38,56.45,0.03,50,282139,买盘
10:26:41,56.38,-0.07,93,524786,卖盘
10:26:44,56.45,0.07,18,101563,买盘
10:26:47,56.4,-0.05,19,107196,卖盘
10:26:50,56.42,0.02,31,174885,买盘
10:26:53,56.45,0.03,40,225655,买盘
10:26:56,56.45,0.0,32,180537,买盘
10:26:59,56.41,-0.04,41,231380,卖盘
10:27:02,56.45,0.04,63,355605,买盘
10:27:05,56.45,0.0,30,169309,买盘
10:27:08,56.42,-0.03,51,287860,卖盘
10:27:11,56.42,0.0,26,146735,卖盘
10:27:14,56.42,0.0,122,688573,卖盘
10:27:17,56.41,-0.01,100,564264,卖盘
10:27:20,56.42,0.01,34,191824,买盘
10:27:23,56.38,-0.04,105,592248,卖盘
10:27:26,56.4,0.02,8,45119,中性盘
10:27:29,56.38,-0.02,43,242461,卖盘
10:27:32,56.4,0.02,31,174804,买盘
10:27:35,56.4,0.0,31,174804,买盘
10:27:38,56.38,-0.02,22,124044,中性盘
10:27:41,56.38,0.0,70,394776,买盘
10:27:44,56.4,0.02,49,276381,买盘
10:27:47,56.47,0.07,608,3432076,买盘
10:27:50,56.43,-0.04,213,1203026,卖盘
10:27:53,56.5,0.07,216,1220396,买盘
10:27:56,56.55,0.05,24,135710,买盘
10:27:59,56.63,0.08,208,1177002,买盘
10:28:02,56.58,-0.05,116,656706,卖盘
10:28:05,56.6,0.02,72,407457,中性盘
10:28:08,56.62,0.02,107,605506,买盘
10:28:11,56.6,-0.02,127,718686,买盘
10:28:14,56.66,0.06,253,1432464,买盘
10:28:17,56.67,0.01,225,1273827,买盘
10:28:20,56.6,-0.07,118,668485,卖盘
10:28:23,56.67,0.07,436,2471458,买盘
10:28:26,56.78,0.11,441,2501907,买盘
10:28:29,56.72,-0.06,180,1021625,卖盘
10:28:32,56.79,0.07,169,959624,买盘
10:28:35,56.78,-0.01,99,562227,卖盘
10:28:38,56.9,0.12,917,5211398,买盘
10:28:41,56.97,0.07,242,1377684,买盘
10:28:44,56.98,0.01,21,119618,买盘
10:28:47,56.99,0.01,461,2626870,买盘
10:28:50,56.99,0.0,449,2559104,买盘
10:28:53,57.0,0.01,195,1111428,买盘
10:28:56,57.04,0.04,980,5587058,买盘
10:28:59,57.12,0.08,132,753790,买盘
10:29:02,57.13,0.01,187,1068145,中性盘
10:29:05,57.18,0.05,262,1497410,买盘
10:29:08,57.16,-0.02,210,1200352,中性盘
10:29:11,57.19,0.03,373,2133214,买盘
10:29:14,57.25,0.06,175,1000926,买盘
10:29:17,57.21,-0.04,281,1607228,卖盘
10:29:20,57.16,-0.05,591,3379629,卖盘
10:29:23,57.12,-0.04,234,1336308,卖盘
10:29:26,57.12,0.0,283,1615771,买盘
10:29:29,57.01,-0.11,141,804245,卖盘
10:29:32,56.99,-0.02,78,444709,卖盘
10:29:35,56.98,-0.01,117,666996,卖盘
10:29:38,56.98,0.0,324,1846847,卖盘
10:29:41,56.97,-0.01,442,2521009,卖盘
10:29:44,57.1,0.13,179,1021266,买盘
10:29:47,56.99,-0.11,304,1734009,卖盘
10:29:50,57.01,0.02,105,599026,中性盘
10:29:53,57.01,0.0,92,525187,中性盘
10:29:56,57.1,0.09,203,1158850,买盘
10:29:59,57.22,0.12,819,4685119,买盘
10:30:02,57.32,0.1,401,2300299,买盘
10:30:05,57.31,-0.01,245,1405226,卖盘
10:30:08,57.36,0.05,248,1422702,买盘
10:30:11,57.4,0.04,318,1824443,买盘
10:30:14,57.36,-0.04,413,2369099,卖盘
10:30:17,57.34,-0.02,342,1961275,卖盘
10:30:20,57.3,-0.04,423,2422258,卖盘
10:30:23,57.3,0.0,274,1570499,买盘
10:30:26,57.34,0.04,198,1135182,中性盘
10:30:29,57.34,0.0,236,1353389,中性盘
10:30:32,57.32,-0.02,275,1576981,卖盘
10:30:35,57.36,0.04,312,1789158,买盘
10:30:38,57.34,-0.02,329,1887598,卖盘
10:30:41,57.36,0.02,324,1859104,买盘
10:30:44,57.35,-0.01,199,1141185,卖盘
10:30:47,57.36,0.01,517,2966381,买盘
10:30:50,57.4,0.04,165,946987,买盘
10:30:53,57.41,0.01,123,707827,买盘
10:30:56,57.44,0.03,71,407724,买盘
10:30:59,57.44,0.0,171,982106,买盘
10:31:02,57.36,-0.08,1082,6204608,卖盘
10:31:05,57.32,-0.04,255,1462204,中性盘
10:31:08,57.3,-0.02,189,1084105,卖盘
10:31:11,57.28,-0.02,218,1248997,卖盘
10:31:14,57.26,-0.02,116,664256,卖盘
10:31:17,57.24,-0.02,69,394973,中性盘
10:31:20,57.2,-0.04,257,1470373,卖盘
10:31:23,57.11,-0.09,105,600348,中性盘
10:31:26,57.11,0.0,96,548616,卖盘
10:31:29,57.12,0.01,188,1073443,中性盘
10:31:32,57.11,-0.01,221,1262831,卖盘
10:31:35,57.14,0.03,96,548549,买盘
10:31:38,57.13,-0.01,148,846245,卖盘
10:31:41,57.25,0.12,286,1636800,买盘
10:31:44,57.29,0.04,270,1546371,买盘
10:31:47,57.3,0.01,43,246318,买盘
10:31:50,57.36,0.06,125,716701,买盘
10:31:53,57.37,0.01,75,430264,买盘
10:31:56,57.39,0.02,77,441784,买盘
10:31:59,57.4,0.01,117,671366,买盘
10:32:02,57.39,-0.01,203,1165248,卖盘
10:32:05,57.4,0.01,155,889624,中性盘
10:32:08,57.29,-0.11,484,2775434,卖盘
10:32:11,57.35,0.06,269,1542674,买盘
10:32:14,57.26,-0.09,131,750064,卖盘
10:32:17,57.2,-0.06,81,463931,卖盘
10:32:20,57.2,0.0,67,383532,卖盘
10:32:23,57.22,0.02,74,423543,买盘
10:32:26,57.24,0.02,91,520683,买盘
10:32:29,57.25,0.01,204,1168469,中性盘
10:32:32,57.27,0.02,173,990771,中性盘
10:32:35,57.36,0.09,130,745501,买盘
10:32:38,57.32,-0.04,200,1146796,卖盘
10:32:41,57.27,-0.05,353,2022718,卖盘
10:32:44,57.3,0.03,286,1638268,买盘
10:32:47,57.33,0.03,317,1818027,中性盘
10:32:50,57.36,0.03,69,395703,买盘
10:32:53,57.36,0.0,143,820242,买盘
10:32:56,57.38,0.02,564,3237446,买盘
10:32:59,57.44,0.06,326,1871962,买盘
10:33:02,57.47,0.03,1092,6277831,买盘
10:33:05,57.53,0.06,251,1443458,买盘
10:33:08,57.56,0.03,245,1409811,买盘
10:33:11,57.57,0.01,650,3743656,买盘
10:33:14,57.61,0.04,191,1100034,买盘
10:33:17,57.62,0.01,91,524257,买盘
10:33:20,57.66,0.04,169,973962,买盘
10:33:23,57.7,0.04,261,1505747,买盘
10:33:26,57.65,-0.05,469,2704803,卖盘
10:33:29,57.55,-0.1,1154,6645873,卖盘
10:33:32,57.61,0.06,476,2740837,买盘
10:33:35,57.62,0.01,224,1290504,买盘
10:33:38,57.62,0.0,390,2247696,买盘
10:33:41,57.63,0.01,109,628165,中性盘
10:33:44,57.67,0.04,329,1896889,买盘
10:33:47,57.67,0.0,120,692096,卖盘
10:33:50,57.71,0.04,525,3029873,买盘
10:33:53,57.76,0.05,217,1252829,买盘
10:33:56,57.8,0.04,138,797244,买盘
10:33:59,57.83,0.03,437,2527026,买盘
10:34:02,57.87,0.04,162,937592,买盘
10:34:05,57.88,0.01,631,3651135,买盘
10:34:08,57.79,-0.09,1040,6015496,卖盘
10:34:11,57.72,-0.07,1639,9467215,卖盘
10:34:14,57.61,-0.11,473,2727533,卖盘
10:34:17,57.51,-0.1,724,4169126,卖盘
10:34:20,57.51,0.0,205,1178580,买盘
10:34:23,57.38,-0.13,201,1154595,卖盘
10:34:26,57.39,0.01,343,1969021,买盘
10:34:29,57.39,0.0,86,493748,卖盘
10:34:32,57.39,0.0,136,781072,卖盘
10:34:35,57.42,0.03,167,958830,中性盘
10:34:38,57.48,0.06,83,477044,买盘
10:34:41,57.49,0.01,182,1046085,中性盘
10:34:44,57.49,0.0,254,1459928,买盘
10:34:47,57.47,-0.02,307,1764741,中性盘
10:34:50,57.47,0.0,66,379184,卖盘
10:34:53,57.47,0.0,139,798492,买盘
10:34:56,57.39,-0.08,367,2106563,卖盘
10:34:59,57.33,-0.06,357,2048121,卖盘
10:35:02,57.38,0.05,63,361425,买盘
10:35:05,57.33,-0.05,49,281013,卖盘
10:35:08,57.36,0.03,80,458701,买盘
10:35:11,57.38,0.02,96,550604,买盘
10:35:14,57.36,-0.02,30,172088,中性盘
10:35:17,57.37,0.01,75,430354,中性盘
10:35:20,57.36,-0.01,74,424452,卖盘
10:35:23,57.35,-0.01,253,1451274,卖盘
10:35:26,57.38,0.03,100,573740,买盘
10:35:29,57.37,-0.01,58,332869,卖盘
10:35:32,57.36,-0.01,38,217999,卖盘
10:35:35,57.35,-0.01,274,1571117,卖盘
10:35:38,57.31,-0.04,211,1209078,卖盘
10:35:41,57.27,-0.04,81,464258,卖盘
10:35:44,57.27,0.0,143,819254,卖盘
10:35:47,57.27,0.0,74,423753,卖盘
10:35:50,57.28,0.01,270,1547546,买盘
10:35:53,57.28,0.0,48,275046,卖盘
10:35:56,57.34,0.06,76,435683,买盘
10:35:59,57.35,0.01,157,899328,买盘
10:36:02,57.35,0.0,12,68821,卖盘
10:36:05,57.35,0.0,54,309695,卖盘
10:36:08,57.36,0.01,59,338408,买盘
10:36:11,57.4,0.04,143,820565,买盘
10:36:14,57.4,0.0,51,292749,卖盘
10:36:17,57.4,0.0,156,895428,卖盘
10:36:20,57.37,-0.03,92,528078,卖盘
10:36:23,57.34,-0.03,108,619590,卖盘
10:36:26,57.35,0.01,19,109006,买盘
10:36:29,57.3,-0.05,135,774504,卖盘
10:36:32,57.35,0.05,29,166208,买盘
10:36:35,57.31,-0.04,17,97470,卖盘
10:36:38,57.35,0.04,86,492991,买盘
10:36:41,57.32,-0.03,13,74489,买盘
10:36:44,57.32,0.0,58,332346,买盘
10:36:47,57.31,-0.01,84,481197,卖盘
10:36:50,57.26,-0.05,119,681872,卖盘
10:36:53,57.25,-0.01,71,406690,卖盘
10:36:56,57.23,-0.02,77,440733,卖盘
10:36:59,57.22,-0.01,270,1544552,卖盘
10:37:02,57.15,-0.07,44,251507,卖盘
10:37:05,57.17,0.02,126,719917,买盘
10:37:08,57.17,0.0,57,325832,买盘
10:37:11,57.08,-0.09,39,222761,卖盘
10:37:14,57.08,0.0,47,268359,卖盘
10:37:17,57.08,0.0,81,462374,卖盘
10:37:20,57.06,-0.02,154,878384,卖盘
10:37:23,57.08,0.02,14,79907,买盘
10:37:26,57.04,-0.04,39,222435,卖盘
10:37:29,57.07,0.03,17,96981,买盘
10:37:32,57.07,0.0,38,216850,买盘
10:37:35,57.08,0.01,176,1004302,买盘
10:37:38,57.08,0.0,39,222637,卖盘
10:37:41,57.14,0.06,20,114228,买盘
10:37:44,57.17,0.03,57,325786,买盘
10:37:47,57.17,0.0,19,108644,卖盘
10:37:50,57.21,0.04,11,62919,买盘
10:37:53,57.21,0.0,23,131566,买盘
10:37:56,57.17,-0.04,31,177328,卖盘
10:37:59,57.15,-0.02,138,788799,卖盘
10:38:02,57.19,0.04,128,731155,买盘
10:38:05,57.16,-0.03,26,148691,卖盘
10:38:08,57.1,-0.06,57,325746,卖盘
10:38:11,57.16,0.06,55,314169,买盘
10:38:14,57.16,0.0,29,165699,买盘
10:38:17,57.17,0.01,50,285810,买盘
10:38:20,57.16,-0.01,20,114322,卖盘
10:38:23,57.16,0.0,40,228648,卖盘
10:38:26,57.16,0.0,37,211524,卖盘
10:38:29,57.16,0.0,180,1028911,卖盘
10:38:32,57.16,0.0,78,445874,卖盘
10:38:35,57.16,0.0,39,222941,卖盘
10:38:38,57.17,0.01,23,131489,买盘
10:38:41,57.16,-0.01,56,320139,卖盘
10:38:44,57.17,0.01,260,1486174,买盘
10:38:47,57.16,-0.01,70,400153,卖盘
10:38:50,57.17,0.01,35,200090,买盘
10:38:53,57.17,0.0,31,177217,卖盘
10:38:56,57.17,0.0,19,108621,买盘
10:38:59,57.18,0.01,11,62883,买盘
10:39:02,57.17,-0.01,58,331647,卖盘
10:39:05,57.18,0.01,9,51469,中性盘
10:39:08,57.26,0.08,95,543428,买盘
10:39:11,57.35,0.09,122,699169,买盘
10:39:14,57.39,0.04,72,412996,买盘
10:39:17,57.38,-0.01,49,281241,中性盘
10:39:20,57.41,0.03,31,177947,买盘
10:39:23,57.41,0.0,22,126310,买盘
10:39:26,57.45,0.04,44,252728,买盘
10:39:29,57.46,0.01,29,166603,买盘
10:39:32,57.46,0.0,43,247090,卖盘
10:39:35,57.48,0.02,90,517244,买盘
10:39:38,57.48,0.0,367,2109559,中性盘
10:39:41,57.5,0.02,86,494439,买盘
10:39:44,57.5,0.0,117,672712,买盘
10:39:47,57.46,-0.04,186,1068958,卖盘
10:39:50,57.46,0.0,112,643508,买盘
10:39:53,57.46,0.0,49,281485,买盘
10:39:56,57.45,-0.01,62,356143,中性盘
10:39:59,57.42,-0.03,147,843957,卖盘
10:40:02,57.4,-0.02,83,476506,中性盘
10:40:05,57.4,0.0,50,286964,买盘
10:40:08,57.4,0.0,90,516689,卖盘
10:40:11,57.4,0.0,241,1383142,卖盘
10:40:14,57.4,0.0,142,815255,卖盘
10:40:17,57.4,0.0,164,941496,买盘
10:40:20,57.4,0.0,53,304302,中性盘
10:40:23,57.4,0.0,66,378846,买盘
10:40:26,57.42,0.02,71,407652,买盘
10:40:29,57.39,-0.03,196,1125107,卖盘
10:40:32,57.4,0.01,31,177929,买盘
10:40:35,57.43,0.03,69,396183,买盘
10:40:38,57.42,-0.01,74,424966,卖盘
10:40:41,57.41,-0.01,106,608836,卖盘
10:40:44,57.42,0.01,64,367509,买盘
10:40:47,57.41,-0.01,44,252633,卖盘
10:40:50,57.41,0.0,41,235385,卖盘
10:40:53,57.4,-0.01,10,57404,卖盘
10:40:56,57.41,0.01,77,442001,买盘
10:40:59,57.4,-0.01,50,286986,卖盘
10:41:02,57.39,-0.01,30,172191,卖盘
10:41:05,57.39,0.0,257,1475188,卖盘
10:41:08,57.39,0.0,228,1308458,买盘
10:41:11,57.38,-0.01,78,447641,卖盘
10:41:14,57.4,0.02,63,361573,买盘
10:41:17,57.38,-0.02,22,126247,卖盘
10:41:20,57.39,0.01,39,223801,买盘
10:41:23,57.38,-0.01,203,1164819,卖盘
10:41:26,57.37,-0.01,16,91800,卖盘
10:41:29,57.36,-0.01,123,705749,卖盘
10:41:32,57.36,0.0,41,235189,买盘
10:41:35,57.38,0.02,88,504855,买盘
10:41:38,57.35,-0.03,121,694093,卖盘
10:41:41,57.44,0.09,484,2777754,买盘
10:41:44,57.49,0.05,349,2002622,买盘
10:41:47,57.52,0.03,58,333504,买盘
10:41:50,57.52,0.0,78,448627,买盘
10:41:53,57.52,0.0,32,184054,买盘
10:41:56,57.55,0.03,48,276213,买盘
10:41:59,57.57,0.02,10,57567,卖盘
10:42:02,57.53,-0.04,34,195682,卖盘
10:42:05,57.48,-0.05,200,1150441,卖盘
10:42:08,57.5,0.02,26,149467,买盘
10:42:11,57.48,-0.02,26,149488,卖盘
10:42:14,57.5,0.02,64,367902,买盘
10:42:17,57.48,-0.02,329,1890109,中性盘
10:42:20,57.48,0.0,64,367900,卖盘
10:42:23,57.45,-0.03,169,971934,卖盘
10:42:26,57.45,0.0,73,419382,中性盘
10:42:29,57.42,-0.03,26,149313,卖盘
10:42:32,57.4,-0.02,22,126313,卖盘
10:42:35,57.42,0.02,11,63145,买盘
10:42:38,57.4,-0.02,29,166474,卖盘
10:42:41,57.4,0.0,81,464957,卖盘
10:42:44,57.4,0.0,163,935694,卖盘
10:42:47,57.39,-0.01,79,453464,卖盘
10:42:50,57.4,0.01,126,723210,买盘
10:42:53,57.39,-0.01,35,200869,卖盘
10:42:56,57.37,-0.02,341,1956996,卖盘
10:42:59,57.36,-0.01,7,40159,卖盘
10:43:02,57.35,-0.01,50,286776,卖盘
10:43:05,57.35,0.0,65,372786,卖盘
10:43:08,57.36,0.01,107,613718,买盘
10:43:11,57.35,-0.01,45,258070,卖盘
10:43:14,57.34,-0.01,105,602191,卖盘
10:43:17,57.33,-0.01,19,108955,卖盘
10:43:20,57.33,0.0,70,401401,卖盘
10:43:23,57.31,-0.02,52,298067,卖盘
10:43:26,57.31,0.0,20,114627,卖盘
10:43:29,57.3,-0.01,46,263611,卖盘
10:43:32,57.28,-0.02,43,246380,卖盘
10:43:35,57.28,0.0,3,17184,卖盘
10:43:38,57.28,0.0,8,45824,买盘
10:43:41,57.21,-0.07,13,74373,卖盘
10:43:44,57.21,0.0,8,45788,卖盘
10:43:47,57.2,-0.01,8,45764,卖盘
10:43:50,57.21,0.01,55,314645,买盘
10:43:53,57.24,0.03,13,74393,买盘
10:43:56,57.27,0.03,40,228966,买盘
10:43:59,57.24,-0.03,18,103035,卖盘
10:44:02,57.22,-0.02,10,57225,卖盘
10:44:05,57.22,0.0,9,51495,买盘
10:44:08,57.21,-0.01,12,68661,卖盘
10:44:11,57.21,0.0,33,188800,卖盘
10:44:14,57.2,-0.01,6,34324,卖盘
10:44:17,57.18,-0.02,84,480478,卖盘
10:44:20,57.17,-0.01,93,531738,卖盘
10:44:23,57.16,-0.01,27,154332,卖盘
10:44:26,57.13,-0.03,30,171444,卖盘
10:44:29,57.12,-0.01,13,74292,中性盘
10:44:32,57.1,-0.02,52,296966,卖盘
10:44:35,57.1,0.0,39,222720,卖盘
10:44:38,57.1,0.0,50,285515,卖盘
10:44:41,57.1,0.0,84,479643,卖盘
10:44:44,57.09,-0.01,33,188406,卖盘
10:44:47,57.09,0.0,14,79934,卖盘
10:44:50,57.08,-0.01,26,148432,卖盘
10:44:53,57.08,0.0,16,91316,买盘
10:44:56,57.08,0.0,44,251117,卖盘
10:44:59,57.07,-0.01,28,159809,卖盘
10:45:02,57.07,0.0,74,422322,卖盘
10:45:05,57.08,0.01,49,279646,买盘
10:45:08,57.08,0.0,84,479396,买盘
10:45:11,57.08,0.0,46,262501,买盘
10:45:14,57.08,0.0,13,74210,卖盘
10:45:17,57.09,0.01,48,274017,买盘
10:45:20,57.08,-0.01,42,239764,卖盘
10:45:23,57.08,0.0,37,211209,卖盘
10:45:26,57.09,0.01,53,302561,中性盘
10:45:29,57.1,0.01,79,451026,买盘
10:45:32,57.11,0.01,27,154150,买盘
10:45:35,57.11,0.0,141,805139,买盘
10:45:38,57.11,0.0,26,148462,买盘
10:45:41,57.12,0.01,4,22848,卖盘
10:45:44,57.13,0.01,45,257064,买盘
10:45:47,57.11,-0.02,24,137097,卖盘
10:45:50,57.15,0.04,116,662726,买盘
10:45:53,57.16,0.01,64,365733,买盘
10:45:56,57.13,-0.03,77,439840,卖盘
10:45:59,57.11,-0.02,29,165702,中性盘
10:46:02,57.15,0.04,28,160005,中性盘
10:46:05,57.08,-0.07,117,668172,卖盘
10:46:08,57.07,-0.01,31,176948,卖盘
10:46:11,57.09,0.02,53,302416,中性盘
10:46:14,57.06,-0.03,48,273888,卖盘
10:46:17,57.02,-0.04,73,416363,卖盘
10:46:20,57.0,-0.02,153,872151,卖盘
10:46:23,57.0,0.0,172,981194,卖盘
10:46:26,57.0,0.0,265,1509536,卖盘
10:46:29,57.0,0.0,53,302102,卖盘
10:46:32,57.0,0.0,16,92166,卖盘
10:46:35,56.98,-0.02,56,319136,卖盘
10:46:38,56.96,-0.02,12,68362,卖盘
10:46:41,56.92,-0.04,18,102511,卖盘
10:46:44,56.93,0.01,6,34157,卖盘
10:46:47,56.93,0.0,17,96779,买盘
10:46:50,56.92,-0.01,36,204909,卖盘
10:46:53,56.92,0.0,51,290260,买盘
10:46:56,56.91,-0.01,62,352789,中性盘
10:46:59,56.89,-0.02,47,267455,卖盘
10:47:02,56.89,0.0,29,164998,卖盘
10:47:05,56.88,-0.01,43,244652,卖盘
10:47:08,56.87,-0.01,85,483562,卖盘
10:47:11,56.87,0.0,27,153549,卖盘
10:47:14,56.86,-0.01,74,420877,卖盘
10:47:17,56.86,0.0,68,386723,卖盘
10:47:20,56.85,-0.01,35,199005,卖盘
10:47:23,56.87,0.02,123,699401,买盘
10:47:26,56.84,-0.03,77,437682,卖盘
10:47:29,56.86,0.02,105,596974,买盘
10:47:32,56.9,0.04,93,529090,买盘
10:47:35,56.91,0.01,77,438135,买盘
10:47:38,56.91,0.0,24,136584,卖盘
10:47:41,56.92,0.01,23,130896,买盘
10:47:44,56.91,-0.01,14,79682,卖盘
10:47:47,56.92,0.01,32,182130,买盘
10:47:50,56.92,0.0,15,85393,卖盘
10:47:53,56.97,0.05,11,62628,买盘
10:47:56,56.97,0.0,8,45571,买盘
10:47:59,56.98,0.01,14,79759,买盘
10:48:02,56.99,0.01,24,136749,买盘
10:48:05,56.97,-0.02,73,416032,卖盘
10:48:08,57.01,0.04,245,1396220,买盘
10:48:11,57.0,-0.01,239,1362241,卖盘
10:48:14,56.93,-0.07,56,319078,卖盘
10:48:17,56.99,0.06,40,227903,中性盘
10:48:20,57.01,0.02,29,165269,买盘
10:48:23,57.0,-0.01,12,68403,卖盘
10:48:26,57.0,0.0,100,570018,卖盘
10:48:29,56.9,-0.1,73,415629,卖盘
10:48:32,57.0,0.1,50,284964,买盘
10:48:35,57.0,0.0,34,193710,卖盘
10:48:38,57.0,0.0,24,136787,买盘
10:48:41,56.99,-0.01,20,113931,中性盘
10:48:44,56.96,-0.03,18,102480,中性盘
10:48:47,56.92,-0.04,12,68312,中性盘
10:48:50,56.92,0.0,40,227668,买盘
10:48:53,56.9,-0.02,18,102440,卖盘
10:48:56,56.91,0.01,29,165031,买盘
10:48:59,56.91,0.0,7,39835,买盘
10:49:02,56.9,-0.01,46,261749,卖盘
10:49:05,56.91,0.01,31,176403,买盘
10:49:08,56.91,0.0,15,85351,买盘
10:49:11,56.9,-0.01,30,170718,卖盘
10:49:14,56.9,0.0,65,369866,卖盘
10:49:17,56.91,0.01,31,176393,中性盘
10:49:20,56.9,-0.01,67,381250,卖盘
10:49:23,56.9,0.0,52,295868,买盘
10:49:26,56.9,0.0,26,147926,买盘
10:49:29,56.88,-0.02,21,119443,卖盘
10:49:32,56.88,0.0,8,45502,买盘
10:49:35,56.88,0.0,2,11376,买盘
10:49:38,56.87,-0.01,13,73933,卖盘
10:49:41,56.86,-0.01,38,216116,卖盘
10:49:44,56.86,0.0,11,62546,卖盘
10:49:47,56.86,0.0,28,159217,卖盘
10:49:50,56.85,-0.01,17,96649,卖盘
10:49:53,56.85,0.0,7,39797,卖盘
10:49:56,56.83,-0.02,63,358105,卖盘
10:49:59,56.84,0.01,32,181859,买盘
10:50:02,56.82,-0.02,45,255668,卖盘
10:50:05,56.82,0.0,25,142046,买盘
10:50:08,56.81,-0.01,78,443130,卖盘
10:50:11,56.8,-0.01,22,124965,卖盘
10:50:14,56.8,0.0,44,249932,卖盘
10:50:17,56.81,0.01,76,431689,买盘
10:50:20,56.8,-0.01,34,193126,卖盘
10:50:23,56.81,0.01,32,181769,买盘
10:50:26,56.82,0.01,53,301132,买盘
10:50:29,56.83,0.01,6,34093,中性盘
10:50:32,56.84,0.01,4,22736,买盘
10:50:35,56.85,0.01,38,215995,买盘
10:50:38,56.85,0.0,19,108007,买盘
10:50:41,56.86,0.01,54,306980,买盘
10:50:44,56.87,0.01,37,211530,买盘
10:50:47,56.88,0.01,10,56876,买盘
10:50:50,56.9,0.02,38,216204,买盘
10:50:53,56.88,-0.02,27,153593,卖盘
10:50:56,56.88,0.0,33,187735,卖盘
10:50:59,56.89,0.01,57,324265,买盘
10:51:02,56.9,0.01,19,108088,买盘
10:51:05,56.89,-0.01,54,307221,卖盘
10:51:08,56.9,0.01,12,68274,买盘
10:51:11,56.9,0.0,21,119473,买盘
10:51:14,56.9,0.0,32,182077,买盘
10:51:17,56.9,0.0,23,130867,买盘
10:51:20,56.93,0.03,53,301592,买盘
10:51:23,56.99,0.06,43,245016,买盘
10:51:26,56.99,0.0,11,62665,买盘
10:51:29,57.0,0.01,2,11400,买盘
10:51:32,56.99,-0.01,4,22798,卖盘
10:51:35,57.0,0.01,19,108287,买盘
10:51:38,57.0,0.0,50,284946,买盘
10:51:41,56.94,-0.06,47,267845,中性盘
10:51:44,57.0,0.06,35,199523,买盘
10:51:47,57.0,0.0,31,176705,卖盘
10:51:50,57.01,0.01,58,330611,买盘
10:51:53,57.03,0.02,22,125433,买盘
10:51:56,57.02,-0.01,8,45621,卖盘
10:51:59,57.03,0.01,10,57027,中性盘
10:52:02,57.02,-0.01,59,336534,卖盘
10:52:05,57.07,0.05,43,245350,买盘
10:52:08,57.08,0.01,8,45638,买盘
10:52:11,57.08,0.0,26,148389,买盘
10:52:14,57.09,0.01,4,22834,买盘
10:52:17,57.08,-0.01,11,62796,卖盘
10:52:20,57.1,0.02,29,165581,买盘
10:52:23,57.09,-0.01,23,131325,卖盘
10:52:26,57.12,0.03,19,108474,买盘
10:52:29,57.09,-0.03,262,1494936,中性盘
10:52:32,57.09,0.0,32,182554,买盘
10:52:35,57.08,-0.01,26,148388,买盘
10:52:38,57.08,0.0,15,85578,买盘
10:52:41,57.08,0.0,19,108440,买盘
10:52:44,57.08,0.0,3,17124,买盘
10:52:47,57.08,0.0,14,79851,买盘
10:52:50,57.08,0.0,11,62788,卖盘
10:52:53,57.08,0.0,4,22832,卖盘
10:52:56,57.09,0.01,15,85631,买盘
10:52:59,57.09,0.0,15,85624,买盘
10:53:02,57.11,0.02,47,268371,买盘
10:53:05,57.12,0.01,13,74242,买盘
10:53:08,57.09,-0.03,33,188435,卖盘
10:53:11,57.08,-0.01,137,782070,卖盘
10:53:14,57.08,0.0,59,336706,卖盘
10:53:17,57.08,0.0,17,96973,买盘
10:53:20,57.08,0.0,17,96938,中性盘
10:53:23,57.06,-0.02,83,473270,中性盘
10:53:26,57.06,0.0,9,51314,买盘
10:53:29,57.06,0.0,12,68456,买盘
10:53:32,57.0,-0.06,10,57007,卖盘
10:53:35,57.06,0.06,108,615829,买盘
10:53:38,56.99,-0.07,167,951895,卖盘
10:53:41,57.0,0.01,18,102546,买盘
10:53:44,56.9,-0.1,47,267525,卖盘
10:53:47,56.89,-0.01,9,51208,卖盘
10:53:50,56.89,0.0,1,5689,卖盘
10:53:53,56.9,0.01,12,68276,买盘
10:53:56,56.9,0.0,51,290149,买盘
10:53:59,56.9,0.0,8,45521,卖盘
10:54:02,56.89,-0.01,5,28449,卖盘
10:54:05,56.97,0.08,39,222095,买盘
10:54:08,56.9,-0.07,5,28450,卖盘
10:54:11,56.9,0.0,24,136567,卖盘
10:54:14,56.9,0.0,6,34137,买盘
10:54:17,56.9,0.0,2,11380,卖盘
10:54:23,56.91,0.01,5,28457,卖盘
10:54:26,56.91,0.0,4,22764,买盘
10:54:29,56.9,-0.01,42,238995,卖盘
10:54:32,56.95,0.05,12,68319,买盘
10:54:35,56.91,-0.04,6,34146,卖盘
10:54:38,56.98,0.07,40,227907,买盘
10:54:41,56.98,0.0,16,91126,买盘
10:54:47,56.98,0.0,19,108226,买盘
10:54:50,56.99,0.01,5,28481,买盘
10:54:56,56.99,0.0,12,68360,买盘
10:54:59,56.95,-0.04,18,102526,卖盘
10:55:02,56.93,-0.02,5,28479,卖盘
10:55:05,56.95,0.02,1,5695,中性盘
10:55:08,56.93,-0.02,6,34160,卖盘
10:55:11,56.93,0.0,3,17079,卖盘
10:55:14,56.93,0.0,12,68316,买盘
10:55:17,56.92,-0.01,29,165087,卖盘
10:55:20,56.92,0.0,7,39841,卖盘
10:55:23,56.91,-0.01,8,45528,卖盘
10:55:26,56.91,0.0,8,45528,卖盘
10:55:29,56.92,0.01,71,404060,买盘
10:55:32,56.91,-0.01,13,73977,中性盘
10:55:35,56.92,0.01,50,284599,买盘
10:55:38,56.92,0.0,25,142300,卖盘
10:55:41,56.92,0.0,4,22768,卖盘
10:55:44,56.93,0.01,21,119536,买盘
10:55:47,56.91,-0.02,23,130939,卖盘
10:55:50,56.91,0.0,16,91073,卖盘
10:55:56,56.91,0.0,56,318813,卖盘
10:55:59,56.9,-0.01,7,39831,卖盘
10:56:02,56.87,-0.03,149,847674,卖盘
10:56:05,56.86,-0.01,32,180809,卖盘
10:56:08,56.85,-0.01,12,68221,卖盘
10:56:11,56.85,0.0,20,113720,卖盘
10:56:14,56.85,0.0,35,198960,卖盘
10:56:17,56.84,-0.01,8,45472,卖盘
10:56:20,56.82,-0.02,46,261459,卖盘
10:56:23,56.82,0.0,6,34092,卖盘
10:56:26,56.82,0.0,14,79539,卖盘
10:56:29,56.83,0.01,9,51140,买盘
10:56:32,56.81,-0.02,10,56819,卖盘
10:56:35,56.83,0.02,17,96606,买盘
10:56:38,56.83,0.0,9,51134,买盘
10:56:41,56.82,-0.01,3,17044,中性盘
10:56:44,56.83,0.01,13,73868,买盘
10:56:47,56.82,-0.01,35,198873,卖盘
10:56:50,56.82,0.0,215,1221436,卖盘
10:56:53,56.8,-0.02,31,176125,卖盘
10:56:56,56.81,0.01,2,11362,买盘
10:56:59,56.8,-0.01,106,602093,卖盘
10:57:02,56.83,0.03,60,340932,买盘
10:57:05,56.83,0.0,49,278467,卖盘
10:57:08,56.83,0.0,6,34098,卖盘
10:57:11,56.84,0.01,109,619451,买盘
10:57:14,56.84,0.0,59,335265,买盘
10:57:17,56.85,0.01,83,473296,买盘
10:57:20,56.84,-0.01,34,193219,卖盘
10:57:23,56.9,0.06,5,28437,买盘
10:57:26,56.85,-0.05,4,22740,卖盘
10:57:29,56.86,0.01,12,69361,买盘
10:57:32,56.89,0.03,17,96715,卖盘
10:57:35,56.85,-0.04,56,318449,卖盘
10:57:38,56.91,0.06,21,119475,买盘
10:57:41,56.85,-0.06,4,22741,卖盘
10:57:44,56.9,0.05,5,28458,卖盘
10:57:47,56.9,0.0,5,28451,卖盘
10:57:50,56.93,0.03,7,39850,买盘
10:57:53,56.92,-0.01,2,11384,卖盘
10:57:56,56.93,0.01,1,5693,卖盘
10:57:59,56.94,0.01,2,11388,买盘
10:58:02,56.95,0.01,2,11389,买盘
10:58:05,56.94,-0.01,6,34164,卖盘
10:58:08,56.95,0.01,8,45565,卖盘
10:58:11,56.97,0.02,3,17087,买盘
10:58:14,56.97,0.0,6,34182,买盘
10:58:17,56.96,-0.01,40,227845,卖盘
10:58:20,56.98,0.02,16,91146,买盘
10:58:23,56.99,0.01,26,148174,买盘
10:58:26,57.0,0.01,25,142461,买盘
10:58:29,56.98,-0.02,30,170985,卖盘
10:58:32,56.98,0.0,31,176655,卖盘
10:58:35,56.98,0.0,4,22790,卖盘
10:58:38,57.0,0.02,2,11400,买盘
10:58:41,56.97,-0.03,20,113943,卖盘
10:58:44,56.97,0.0,8,45574,买盘
10:58:47,56.97,0.0,29,165215,中性盘
10:58:50,56.98,0.01,9,51279,买盘
10:58:53,56.97,-0.01,8,45577,卖盘
10:58:56,56.97,0.0,8,45577,卖盘
10:58:59,56.97,0.0,26,148127,买盘
10:59:02,56.97,0.0,18,102541,卖盘
10:59:05,56.97,0.0,30,170901,买盘
10:59:08,56.95,-0.02,9,51260,卖盘
10:59:11,56.95,0.0,28,159460,买盘
10:59:14,56.96,0.01,44,250562,买盘
10:59:17,56.9,-0.06,27,153703,卖盘
10:59:20,56.93,0.03,8,45536,买盘
10:59:23,56.9,-0.03,35,199150,卖盘
10:59:26,56.9,0.0,10,56900,卖盘
10:59:29,56.9,0.0,27,153603,买盘
10:59:32,56.9,0.0,19,108094,买盘
10:59:35,56.9,0.0,5,28450,买盘
10:59:38,56.89,-0.01,8,45497,买盘
10:59:41,56.88,-0.01,3,17063,卖盘
10:59:44,56.88,0.0,5,28440,卖盘
10:59:47,56.86,-0.02,8,45502,卖盘
10:59:50,56.85,-0.01,6,34116,卖盘
10:59:53,56.85,0.0,12,68220,卖盘
10:59:56,56.88,0.03,9,51179,买盘
10:59:59,56.85,-0.03,25,142124,卖盘
11:00:02,56.85,0.0,26,147815,卖盘
11:00:05,56.85,0.0,41,233169,卖盘
11:00:08,56.86,0.01,5,28429,买盘
11:00:11,56.85,-0.01,26,147811,卖盘
11:00:14,56.85,0.0,6,34110,卖盘
11:00:17,56.87,0.02,5,28430,买盘
11:00:20,56.86,-0.01,3,17058,中性盘
11:00:23,56.86,0.0,5,28430,卖盘
11:00:26,56.86,0.0,33,186159,卖盘
11:00:29,56.87,0.01,10,56864,买盘
11:00:32,56.87,0.0,35,199040,买盘
11:00:35,56.87,0.0,47,267305,卖盘
11:00:38,56.87,0.0,28,159236,卖盘
11:00:41,56.87,0.0,17,96686,卖盘
11:00:44,56.87,0.0,10,56873,卖盘
11:00:47,56.87,0.0,18,102380,卖盘
11:00:50,56.87,0.0,40,227481,卖盘
11:00:53,56.85,-0.02,127,722042,卖盘
11:00:56,56.86,0.01,28,159185,买盘
11:00:59,56.85,-0.01,12,68221,卖盘
11:01:02,56.86,0.01,7,39798,买盘
11:01:05,56.86,0.0,11,62540,买盘
11:01:08,56.85,-0.01,32,181920,卖盘
11:01:11,56.86,0.01,16,90968,买盘
11:01:14,56.86,0.0,27,153510,买盘
11:01:17,56.85,-0.01,19,108029,卖盘
11:01:20,56.86,0.01,11,62543,买盘
11:01:23,56.86,0.0,10,56860,卖盘
11:01:26,56.85,-0.01,46,263002,卖盘
11:01:29,56.82,-0.03,36,204630,卖盘
11:01:32,56.81,-0.01,37,210206,卖盘
11:01:35,56.81,0.0,10,56810,卖盘
11:01:38,56.81,0.0,52,295408,卖盘
11:01:41,56.8,-0.01,43,244241,卖盘
11:01:44,56.8,0.0,7,39760,卖盘
11:01:47,56.8,0.0,3,17041,卖盘
11:01:50,56.8,0.0,13,73844,卖盘
11:01:53,56.79,-0.01,158,897428,卖盘
11:01:56,56.79,0.0,42,238513,卖盘
11:01:59,56.76,-0.03,16,90841,卖盘
11:02:02,56.73,-0.03,101,573038,卖盘
11:02:05,56.76,0.03,24,136156,买盘
11:02:08,56.73,-0.03,57,323371,卖盘
11:02:11,56.73,0.0,5,28365,卖盘
11:02:14,56.73,0.0,7,39711,卖盘
11:02:17,56.75,0.02,39,221256,买盘
11:02:20,56.73,-0.02,12,68076,卖盘
11:02:23,56.73,0.0,39,221250,卖盘
11:02:26,56.73,0.0,11,62403,卖盘
11:02:29,56.7,-0.03,29,164482,卖盘
11:02:32,56.7,0.0,21,119078,卖盘
11:02:35,56.71,0.01,8,45361,买盘
11:02:38,56.7,-0.01,71,402614,卖盘
11:02:41,56.71,0.01,41,232475,中性盘
11:02:44,56.7,-0.01,84,476296,卖盘
11:02:47,56.7,0.0,28,158749,卖盘
11:02:50,56.7,0.0,21,119055,买盘
11:02:53,56.69,-0.01,15,85021,中性盘
11:02:56,56.68,-0.01,29,164372,买盘
11:02:59,56.68,0.0,16,90685,买盘
11:03:02,56.66,-0.02,21,119005,卖盘
11:03:05,56.65,-0.01,9,50985,卖盘
11:03:08,56.66,0.01,15,84988,买盘
11:03:11,56.65,-0.01,49,277642,卖盘
11:03:14,56.65,0.0,59,334315,卖盘
11:03:17,56.65,0.0,46,260609,卖盘
11:03:20,56.67,0.02,28,158642,买盘
11:03:23,56.67,0.0,18,102006,卖盘
11:03:26,56.67,0.0,29,164359,卖盘
11:03:29,56.7,0.03,14,79343,买盘
11:03:32,56.69,-0.01,1,5669,中性盘
11:03:35,56.69,0.0,4,22676,卖盘
11:03:38,56.7,0.01,19,107725,买盘
11:03:41,56.72,0.02,18,102068,买盘
11:03:44,56.7,-0.02,5,28350,卖盘
11:03:47,56.71,0.01,7,39693,买盘
11:03:50,56.71,0.0,5,28355,买盘
11:03:53,56.72,0.01,15,85090,卖盘
11:03:56,56.72,0.0,5,28361,卖盘
11:03:59,56.75,0.03,2,11350,买盘
11:04:02,56.74,-0.01,2,11348,卖盘
11:04:05,56.79,0.05,19,107861,买盘
11:04:08,56.79,0.0,1,5679,买盘
11:04:11,56.78,-0.01,16,90857,卖盘
11:04:14,56.8,0.02,16,90868,买盘
11:04:17,56.8,0.0,6,34080,卖盘
11:04:20,56.81,0.01,7,39767,买盘
11:04:23,56.74,-0.07,165,936765,卖盘
11:04:26,56.79,0.05,62,351769,买盘
11:04:29,56.77,-0.02,9,51069,买盘
11:04:32,56.74,-0.03,24,136229,卖盘
11:04:35,56.74,0.0,153,868146,卖盘
11:04:38,56.74,0.0,18,102048,中性盘
11:04:41,56.77,0.03,7,39719,买盘
11:04:44,56.78,0.01,16,90848,买盘
11:04:47,56.7,-0.08,44,249784,卖盘
11:04:50,56.68,-0.02,10,56694,卖盘
11:04:53,56.8,0.12,34,193078,买盘
11:04:56,56.77,-0.03,5,28393,卖盘
11:04:59,56.8,0.03,4,22711,买盘
11:05:02,56.69,-0.11,26,147431,卖盘
11:05:05,56.7,0.01,10,56731,卖盘
11:05:08,56.78,0.08,26,147521,买盘
11:05:11,56.69,-0.09,49,278123,卖盘
11:05:14,56.69,0.0,39,221287,卖盘
11:05:17,56.69,0.0,99,561193,卖盘
11:05:20,56.69,0.0,14,79347,买盘
11:05:23,56.69,0.0,2,11338,买盘
11:05:26,56.69,0.0,11,62371,买盘
11:05:29,56.69,0.0,2,11338,卖盘
11:05:32,56.69,0.0,8,45352,卖盘
11:05:35,56.7,0.01,2,11340,中性盘
11:05:38,56.69,-0.01,8,45377,卖盘
11:05:41,56.69,0.0,7,39684,卖盘
11:05:44,56.7,0.01,1,5670,中性盘
11:05:47,56.69,-0.01,6,34014,卖盘
11:05:50,56.7,0.01,10,56700,买盘
11:05:53,56.7,0.0,4,22680,卖盘
11:05:56,56.71,0.01,1,5671,买盘
11:05:59,56.71,0.0,21,119077,买盘
11:06:02,56.71,0.0,2,11342,卖盘
11:06:05,56.72,0.01,5,28357,买盘
11:06:08,56.72,0.0,2,11344,买盘
11:06:11,56.71,-0.01,23,130453,卖盘
11:06:14,56.71,0.0,5,28355,卖盘
11:06:17,56.69,-0.02,176,998004,卖盘
11:06:20,56.7,0.01,37,209752,中性盘
11:06:23,56.7,0.0,22,124750,卖盘
11:06:26,56.7,0.0,11,62361,买盘
11:06:29,56.71,0.01,1,5671,买盘
11:06:35,56.7,-0.01,8,45363,卖盘
11:06:38,56.71,0.01,16,90722,买盘
11:06:41,56.71,0.0,3,17013,卖盘
11:06:44,56.71,0.0,51,289261,买盘
11:06:47,56.7,-0.01,33,187103,卖盘
11:06:50,56.69,-0.01,8,45352,卖盘
11:06:53,56.68,-0.01,101,572507,卖盘
11:06:56,56.67,-0.01,69,391008,卖盘
11:06:59,56.7,0.03,34,192702,买盘
11:07:02,56.7,0.0,85,481950,卖盘
11:07:05,56.71,0.01,11,64469,买盘
11:07:08,56.7,-0.01,7,39690,卖盘
11:07:11,56.7,0.0,32,179342,卖盘
11:07:14,56.71,0.01,10,56694,买盘
11:07:17,56.67,-0.04,4,22669,卖盘
11:07:20,56.67,0.0,13,73671,买盘
11:07:23,56.67,0.0,2,11334,买盘
11:07:26,56.67,0.0,2,11334,买盘
11:07:29,56.66,-0.01,9,50994,卖盘
11:07:32,56.67,0.01,2,11334,买盘
11:07:35,56.65,-0.02,44,249279,卖盘
11:07:38,56.65,0.0,11,62315,卖盘
11:07:41,56.65,0.0,13,73648,卖盘
11:07:44,56.63,-0.02,9,50967,卖盘
11:07:47,56.63,0.0,6,33976,买盘
11:07:50,56.63,0.0,4,22651,卖盘
11:07:53,56.61,-0.02,16,90587,卖盘
11:07:56,56.6,-0.01,44,249040,卖盘
11:07:59,56.6,0.0,25,141520,卖盘
11:08:02,56.6,0.0,16,90560,卖盘
11:08:05,56.56,-0.04,154,871068,卖盘
11:08:08,56.56,0.0,33,186601,买盘
11:08:11,56.55,-0.01,9,50885,卖盘
11:08:14,56.55,0.0,25,141375,买盘
11:08:17,56.55,0.0,69,390170,买盘
11:08:20,56.55,0.0,53,299683,买盘
11:08:23,56.53,-0.02,22,124384,卖盘
11:08:26,56.53,0.0,9,50879,卖盘
11:08:29,56.53,0.0,223,1260622,卖盘
11:08:32,56.53,0.0,23,129987,买盘
11:08:35,56.52,-0.01,3,16956,中性盘
11:08:38,56.5,-0.02,63,355976,卖盘
11:08:41,56.52,0.02,140,791052,买盘
11:08:44,56.51,-0.01,23,129964,卖盘
11:08:47,56.51,0.0,6,33904,卖盘
11:08:50,56.52,0.01,63,356033,买盘
11:08:53,56.52,0.0,22,124321,买盘
11:08:56,56.51,-0.01,15,84779,中性盘
11:08:59,56.51,0.0,18,101724,卖盘
11:09:02,56.52,0.01,33,186538,买盘
11:09:05,56.52,0.0,30,169543,中性盘
11:09:08,56.51,-0.01,11,62172,卖盘
11:09:11,56.51,0.0,9,50869,卖盘
11:09:14,56.5,-0.01,173,977512,卖盘
11:09:17,56.51,0.01,23,129956,买盘
11:09:20,56.51,0.0,77,435084,买盘
11:09:23,56.5,-0.01,9,50850,卖盘
11:09:26,56.5,0.0,26,146915,卖盘
11:09:29,56.5,0.0,12,67795,买盘
11:09:32,56.5,0.0,48,271190,买盘
11:09:35,56.5,0.0,36,203386,买盘
11:09:38,56.5,0.0,27,152550,卖盘
11:09:41,56.48,-0.02,27,152540,卖盘
11:09:44,56.49,0.01,12,67782,买盘
11:09:47,56.49,0.0,1,5649,买盘
11:09:50,56.48,-0.01,19,107315,卖盘
11:09:53,56.48,0.0,11,62128,卖盘
11:09:56,56.47,-0.01,2,11294,卖盘
11:09:59,56.48,0.01,15,84707,买盘
11:10:02,56.48,0.0,18,101649,买盘
11:10:05,56.48,0.0,1,5648,买盘
11:10:08,56.48,0.0,46,259784,买盘
11:10:11,56.48,0.0,4,22592,卖盘
11:10:14,56.48,0.0,9,50834,卖盘
11:10:17,56.48,0.0,6,33892,卖盘
11:10:20,56.48,0.0,27,152508,卖盘
11:10:23,56.48,0.0,25,141205,卖盘
11:10:26,56.49,0.01,16,90380,买盘
11:10:29,56.5,0.01,52,293751,买盘
11:10:32,56.5,0.0,11,62143,买盘
11:10:35,56.5,0.0,21,118648,买盘
11:10:38,56.5,0.0,7,39550,卖盘
11:10:41,56.5,0.0,20,113012,卖盘
11:10:44,56.51,0.01,22,124304,买盘
11:10:47,56.5,-0.01,45,254247,卖盘
11:10:50,56.5,0.0,17,96046,买盘
11:10:53,56.51,0.01,30,169541,买盘
11:10:56,56.51,0.0,32,180811,买盘
11:10:59,56.51,0.0,7,39551,买盘
11:11:02,56.51,0.0,1,5651,卖盘
11:11:05,56.52,0.01,7,39558,买盘
11:11:08,56.52,0.0,13,73474,买盘
11:11:11,56.51,-0.01,7,39563,卖盘
11:11:14,56.52,0.01,28,158273,中性盘
11:11:17,56.51,-0.01,4,22604,卖盘
11:11:20,56.53,0.02,8,45213,买盘
11:11:23,56.52,-0.01,4,22610,卖盘
11:11:26,56.53,0.01,10,56530,买盘
11:11:29,56.53,0.0,4,22609,买盘
11:11:32,56.52,-0.01,10,56520,卖盘
11:11:35,56.52,0.0,13,73474,卖盘
11:11:38,56.52,0.0,12,67822,卖盘
11:11:41,56.52,0.0,3,16954,买盘
11:11:44,56.52,0.0,29,163908,买盘
11:11:47,56.53,0.01,52,293928,买盘
11:11:50,56.54,0.01,15,84799,买盘
11:11:53,56.53,-0.01,7,39576,卖盘
11:11:56,56.55,0.02,22,124395,买盘
11:11:59,56.53,-0.02,14,79145,卖盘
11:12:02,56.54,0.01,5,28268,买盘
11:12:05,56.54,0.0,8,45231,买盘
11:12:08,56.55,0.01,6,33927,买盘
11:12:11,56.55,0.0,4,22619,买盘
11:12:14,56.56,0.01,62,350608,买盘
11:12:17,56.55,-0.01,7,39585,卖盘
11:12:20,56.57,0.02,4,22626,买盘
11:12:23,56.57,0.0,4,22628,买盘
11:12:26,56.57,0.0,41,231972,买盘
11:12:29,56.6,0.03,20,113185,买盘
11:12:32,56.61,0.01,1,5661,买盘
11:12:35,56.63,0.02,6,33973,买盘
11:12:38,56.65,0.02,10,56634,买盘
11:12:41,56.65,0.0,8,45320,买盘
11:12:44,56.68,0.03,22,124737,中性盘
11:12:47,56.65,-0.03,27,153009,卖盘
11:12:50,56.7,0.05,9,51015,买盘
11:12:53,56.7,0.0,1,5670,卖盘
11:12:56,56.71,0.01,8,45364,买盘
11:13:02,56.73,0.02,2,11346,买盘
11:13:05,56.71,-0.02,96,544674,卖盘
11:13:08,56.74,0.03,19,107799,卖盘
11:13:11,56.71,-0.03,15,85081,卖盘
11:13:14,56.74,0.03,39,221189,买盘
11:13:17,56.74,0.0,17,96443,买盘
11:13:20,56.74,0.0,27,153174,买盘
11:13:23,56.72,-0.02,22,124806,卖盘
11:13:26,56.71,-0.01,14,79407,卖盘
11:13:29,56.73,0.02,10,56722,买盘
11:13:32,56.71,-0.02,12,68064,卖盘
11:13:35,56.7,-0.01,61,345913,卖盘
11:13:38,56.71,0.01,17,96403,卖盘
11:13:41,56.71,0.0,16,90725,买盘
11:13:44,56.71,0.0,29,164444,卖盘
11:13:47,56.7,-0.01,26,147433,卖盘
11:13:50,56.7,0.0,13,73707,卖盘
11:13:53,56.7,0.0,15,85050,卖盘
11:13:56,56.7,0.0,28,158774,卖盘
11:13:59,56.7,0.0,22,124740,卖盘
11:14:02,56.7,0.0,9,51030,卖盘
11:14:05,56.69,-0.01,5,28349,卖盘
11:14:08,56.65,-0.04,43,243731,卖盘
11:14:11,56.63,-0.02,11,62299,卖盘
11:14:14,56.62,-0.01,10,56625,卖盘
11:14:17,56.61,-0.01,7,39627,卖盘
11:14:23,56.61,0.0,12,67933,卖盘
11:14:26,56.61,0.0,8,45287,买盘
11:14:29,56.57,-0.04,30,169776,卖盘
11:14:32,56.57,0.0,10,56585,卖盘
11:14:35,56.6,0.03,6,33955,买盘
11:14:38,56.59,-0.01,6,33949,买盘
11:14:41,56.58,-0.01,11,62239,中性盘
11:14:44,56.56,-0.02,9,50905,卖盘
11:14:47,56.55,-0.01,14,79170,卖盘
11:14:50,56.55,0.0,3,16965,卖盘
11:14:53,56.54,-0.01,3,16963,卖盘
11:14:56,56.53,-0.01,8,45228,卖盘
11:14:59,56.53,0.0,4,22612,买盘
11:15:02,56.52,-0.01,26,146968,卖盘
11:15:05,56.52,0.0,11,62175,卖盘
11:15:08,56.53,0.01,13,73481,买盘
11:15:11,56.52,-0.01,6,33913,卖盘
11:15:14,56.53,0.01,3,16959,卖盘
11:15:20,56.53,0.0,5,28264,买盘
11:15:23,56.53,0.0,10,56528,买盘
11:15:26,56.53,0.0,10,56528,买盘
11:15:29,56.53,0.0,26,146977,买盘
11:15:32,56.53,0.0,26,147002,卖盘
11:15:35,56.53,0.0,13,73500,卖盘
11:15:38,56.53,0.0,2,11307,卖盘
11:15:41,56.53,0.0,10,56530,卖盘
11:15:44,56.53,0.0,2,11307,卖盘
11:15:47,56.53,0.0,23,130029,卖盘
11:15:50,56.55,0.02,21,118731,买盘
11:15:53,56.55,0.0,2,11310,卖盘
11:15:56,56.58,0.03,26,147095,买盘
11:15:59,56.6,0.02,62,350920,买盘
11:16:02,56.62,0.02,6,33972,卖盘
11:16:05,56.65,0.03,3,16995,买盘
11:16:08,56.6,-0.05,7,39638,卖盘
11:16:11,56.69,0.09,4,22667,买盘
11:16:14,56.69,0.0,9,51010,买盘
11:16:17,56.69,0.0,11,62358,买盘
11:16:23,56.69,0.0,14,79366,卖盘
11:16:26,56.69,0.0,12,68028,中性盘
11:16:29,56.69,0.0,56,317457,买盘
11:16:32,56.66,-0.03,9,51004,卖盘
11:16:35,56.68,0.02,2,11335,买盘
11:16:38,56.66,-0.02,5,28338,中性盘
11:16:41,56.67,0.01,16,90667,买盘
11:16:44,56.68,0.01,23,130333,买盘
11:16:47,56.68,0.0,10,56666,买盘
11:16:50,56.68,0.0,13,73686,中性盘
11:16:53,56.68,0.0,20,113355,卖盘
11:16:56,56.62,-0.06,9,50976,卖盘
11:16:59,56.68,0.06,23,130328,买盘
11:17:02,56.69,0.01,18,102044,买盘
11:17:05,56.72,0.03,45,255138,买盘
11:17:08,56.69,-0.03,7,39683,卖盘
11:17:11,56.72,0.03,9,51036,买盘
11:17:14,56.72,0.0,6,34032,买盘
11:17:17,56.72,0.0,13,73736,买盘
11:17:20,56.73,0.01,5,28365,买盘
11:17:23,56.74,0.01,26,147524,买盘
11:17:26,56.74,0.0,8,45394,买盘
11:17:29,56.74,0.0,1,5674,卖盘
11:17:32,56.75,0.01,6,34050,买盘
11:17:35,56.75,0.0,8,45400,买盘
11:17:38,56.76,0.01,3,17026,买盘
11:17:41,56.76,0.0,1,5676,买盘
11:17:44,56.76,0.0,19,107844,买盘
11:17:47,56.78,0.02,13,73796,买盘
11:17:50,56.78,0.0,4,22712,卖盘
11:17:53,56.79,0.01,10,56783,买盘
11:17:56,56.79,0.0,8,45427,买盘
11:17:59,56.79,0.0,34,193083,买盘
11:18:02,56.8,0.01,38,215814,买盘
11:18:05,56.79,-0.01,4,22714,卖盘
11:18:08,56.8,0.01,11,62480,买盘
11:18:11,56.81,0.01,21,119289,买盘
11:18:14,56.81,0.0,3,17043,卖盘
11:18:17,56.82,0.01,3,17045,买盘
11:18:20,56.82,0.0,8,45454,买盘
11:18:23,56.8,-0.02,36,204520,卖盘
11:18:26,56.81,0.01,20,113624,卖盘
11:18:29,56.81,0.0,30,170416,买盘
11:18:32,56.82,0.01,24,136349,买盘
11:18:35,56.82,0.0,2,11364,卖盘
11:18:38,56.82,0.0,25,142057,卖盘
11:18:41,56.84,0.02,7,39783,买盘
11:18:44,56.83,-0.01,61,346686,卖盘
11:18:47,56.83,0.0,9,51152,卖盘
11:18:50,56.86,0.03,10,56857,买盘
11:18:53,56.86,0.0,4,22744,卖盘
11:18:56,56.88,0.02,7,39812,买盘
11:18:59,56.88,0.0,25,142185,买盘
11:19:02,56.89,0.01,9,51198,买盘
11:19:05,56.9,0.01,19,108092,买盘
11:19:08,56.89,-0.01,12,68268,卖盘
11:19:11,56.9,0.01,53,301514,买盘
11:19:14,56.9,0.0,87,495012,卖盘
11:19:17,56.91,0.01,19,108087,买盘
11:19:20,56.88,-0.03,191,1086353,卖盘
11:19:23,56.9,0.02,89,506182,买盘
11:19:26,56.88,-0.02,73,415005,中性盘
11:19:29,56.83,-0.05,7,39782,卖盘
11:19:32,56.88,0.05,11,62569,中性盘
11:19:35,56.83,-0.05,11,62519,卖盘
11:19:38,56.84,0.01,30,170601,卖盘
11:19:41,56.83,-0.01,6,34098,卖盘
11:19:44,56.84,0.01,7,39785,买盘
11:19:47,56.84,0.0,14,79572,买盘
11:19:50,56.84,0.0,14,79571,买盘
11:19:53,56.85,0.01,3,17054,买盘
11:19:56,56.85,0.0,5,28424,买盘
11:19:59,56.85,0.0,4,22738,买盘
11:20:02,56.85,0.0,7,39795,买盘
11:20:05,56.86,0.01,1,5686,买盘
11:20:08,56.85,-0.01,10,56850,卖盘
11:20:11,56.84,-0.01,39,221691,卖盘
11:20:14,56.83,-0.01,408,2318668,卖盘
11:20:17,56.8,-0.03,21,119300,卖盘
11:20:20,56.8,0.0,8,45431,买盘
11:20:23,56.75,-0.05,26,147564,卖盘
11:20:26,56.73,-0.02,20,113485,卖盘
11:20:29,56.72,-0.01,8,45376,卖盘
11:20:32,56.74,0.02,7,39712,买盘
11:20:35,56.72,-0.02,4,22688,卖盘
11:20:38,56.72,0.0,17,96424,卖盘
11:20:41,56.72,0.0,4,22688,卖盘
11:20:47,56.71,-0.01,1,5671,卖盘
11:20:50,56.71,0.0,9,51042,卖盘
11:20:53,56.71,0.0,24,136110,卖盘
11:20:56,56.72,0.01,3,17014,买盘
11:20:59,56.71,-0.01,21,119092,卖盘
11:21:02,56.71,0.0,7,39697,卖盘
11:21:05,56.71,0.0,5,28355,卖盘
11:21:08,56.73,0.02,35,198530,买盘
11:21:11,56.73,0.0,19,107787,卖盘
11:21:14,56.73,0.0,6,34043,卖盘
11:21:17,56.73,0.0,28,158844,卖盘
11:21:20,56.74,0.01,50,283729,买盘
11:21:23,56.73,-0.01,7,39717,卖盘
11:21:26,56.75,0.02,20,113500,买盘
11:21:29,56.75,0.0,5,28371,买盘
11:21:32,56.75,0.0,5,28374,买盘
11:21:35,56.75,0.0,1,5675,买盘
11:21:38,56.75,0.0,3,17024,买盘
11:21:41,56.74,-0.01,7,39718,卖盘
11:21:44,56.73,-0.01,4,22693,卖盘
11:21:47,56.74,0.01,1,5674,中性盘
11:21:50,56.73,-0.01,2,11347,卖盘
11:21:53,56.75,0.02,3,17024,买盘
11:21:56,56.74,-0.01,16,90786,卖盘
11:21:59,56.74,0.0,2,11348,卖盘
11:22:02,56.74,0.0,7,39721,卖盘
11:22:05,56.74,0.0,3,17021,卖盘
11:22:08,56.73,-0.01,11,62411,卖盘
11:22:11,56.72,-0.01,67,380086,卖盘
11:22:14,56.72,0.0,19,107768,卖盘
11:22:17,56.7,-0.02,50,283550,卖盘
11:22:20,56.7,0.0,8,45360,卖盘
11:22:26,56.7,0.0,1,5670,卖盘
11:22:29,56.7,0.0,9,51030,卖盘
11:22:32,56.7,0.0,10,56701,卖盘
11:22:38,56.7,0.0,4,22680,卖盘
11:22:41,56.7,0.0,12,68043,卖盘
11:22:44,56.7,0.0,22,124740,卖盘
11:22:47,56.69,-0.01,30,170080,卖盘
11:22:50,56.7,0.01,17,96383,买盘
11:22:53,56.7,0.0,1,5670,买盘
11:22:56,56.7,0.0,6,34018,买盘
11:22:59,56.69,-0.01,2,11338,卖盘
11:23:02,56.7,0.01,13,73710,买盘
11:23:05,56.69,-0.01,5,28345,卖盘
11:23:08,56.69,0.0,94,532889,卖盘
11:23:11,56.69,0.0,17,96375,卖盘
11:23:14,56.69,0.0,2,11338,卖盘
11:23:17,56.69,0.0,14,79366,卖盘
11:23:20,56.68,-0.01,11,62353,卖盘
11:23:23,56.68,0.0,2,11336,卖盘
11:23:26,56.68,0.0,1,5668,卖盘
11:23:29,56.66,-0.02,14,79338,卖盘
11:23:32,56.6,-0.06,40,226612,卖盘
11:23:35,56.66,0.06,7,39632,中性盘
11:23:38,56.66,0.0,3,16998,卖盘
11:23:41,56.67,0.01,6,33997,买盘
11:23:44,56.68,0.01,3,17000,买盘
11:23:47,56.68,0.0,16,90682,买盘
11:23:50,56.68,0.0,4,22668,买盘
11:23:53,56.68,0.0,3,17004,卖盘
11:23:56,56.69,0.01,4,22675,买盘
11:23:59,56.69,0.0,2,11338,买盘
11:24:02,56.69,0.0,17,96373,买盘
11:24:05,56.68,-0.01,7,39682,卖盘
11:24:08,56.69,0.01,5,28342,卖盘
11:24:14,56.69,0.0,7,39681,买盘
11:24:17,56.68,-0.01,2,11336,卖盘
11:24:20,56.68,0.0,11,62348,卖盘
11:24:23,56.68,0.0,3,17005,卖盘
11:24:26,56.68,0.0,2,11336,卖盘
11:24:29,56.68,0.0,15,85016,中性盘
11:24:32,56.69,0.01,2,11337,买盘
11:24:35,56.69,0.0,2,11337,买盘
11:24:38,56.66,-0.03,4,22664,卖盘
11:24:41,56.61,-0.05,3,16988,卖盘
11:24:47,56.61,0.0,8,45288,卖盘
11:24:50,56.61,0.0,2,11322,卖盘
11:24:53,56.6,-0.01,7,39623,卖盘
11:24:56,56.61,0.01,10,56618,买盘
11:24:59,56.6,-0.01,3,16980,卖盘
11:25:02,56.61,0.01,27,152833,买盘
11:25:05,56.61,0.0,6,33966,卖盘
11:25:08,56.62,0.01,8,45296,买盘
11:25:11,56.61,-0.01,5,28308,卖盘
11:25:14,56.63,0.02,3,16986,买盘
11:25:17,56.61,-0.02,5,28305,卖盘
11:25:20,56.63,0.02,10,56627,买盘
11:25:26,56.7,0.07,48,272106,买盘
11:25:29,56.63,-0.07,10,56665,卖盘
11:25:35,56.62,-0.01,4,22652,卖盘
11:25:38,56.63,0.01,3,16989,卖盘
11:25:41,56.63,0.0,9,50967,买盘
11:25:44,56.62,-0.01,4,22650,卖盘
11:25:47,56.63,0.01,3,16987,买盘
11:25:50,56.63,0.0,12,67968,卖盘
11:25:56,56.68,0.05,13,73653,买盘
11:25:59,56.68,0.0,4,22672,卖盘
11:26:02,56.68,0.0,13,73686,卖盘
11:26:05,56.68,0.0,7,39676,卖盘
11:26:08,56.7,0.02,4,22676,买盘
11:26:11,56.64,-0.06,24,136006,卖盘
11:26:14,56.63,-0.01,5,28315,卖盘
11:26:17,56.64,0.01,15,84956,买盘
11:26:20,56.63,-0.01,33,186876,卖盘
11:26:23,56.64,0.01,21,118928,买盘
11:26:26,56.62,-0.02,11,62287,卖盘
11:26:29,56.62,0.0,7,39634,买盘
11:26:32,56.62,0.0,5,28307,买盘
11:26:35,56.65,0.03,12,67962,买盘
11:26:38,56.65,0.0,4,22660,卖盘
11:26:41,56.67,0.02,9,50997,买盘
11:26:44,56.67,0.0,5,28335,卖盘
11:26:47,56.66,-0.01,4,22667,卖盘
11:26:50,56.67,0.01,8,45332,买盘
11:26:53,56.67,0.0,2,11334,卖盘
11:26:59,56.66,-0.01,9,50995,卖盘
11:27:02,56.64,-0.02,2,11329,卖盘
11:27:05,56.65,0.01,4,22657,买盘
11:27:08,56.66,0.01,8,45326,买盘
11:27:11,56.62,-0.04,3,16986,卖盘
11:27:14,56.65,0.03,1,5665,买盘
11:27:17,56.65,0.0,1,5665,卖盘
11:27:20,56.65,0.0,1,5665,中性盘
11:27:23,56.62,-0.03,3,16986,卖盘
11:27:29,56.62,0.0,14,79275,卖盘
11:27:32,56.61,-0.01,7,39627,卖盘
11:27:38,56.61,0.0,1,5661,卖盘
11:27:44,56.62,0.01,1,5662,买盘
11:27:47,56.61,-0.01,1,5661,卖盘
11:27:50,56.62,0.01,25,141530,买盘
11:27:53,56.61,-0.01,21,118889,卖盘
11:27:56,56.61,0.0,25,141547,卖盘
11:27:59,56.61,0.0,63,356643,卖盘
11:28:02,56.6,-0.01,16,90569,卖盘
11:28:05,56.6,0.0,1,5660,卖盘
11:28:08,56.61,0.01,22,124527,卖盘
11:28:11,56.6,-0.01,6,33960,卖盘
11:28:14,56.6,0.0,39,220740,卖盘
11:28:17,56.59,-0.01,124,701741,卖盘
11:28:20,56.59,0.0,31,175447,卖盘
11:28:23,56.58,-0.01,13,73554,卖盘
11:28:26,56.58,0.0,196,1108969,卖盘
11:28:29,56.56,-0.02,42,237629,卖盘
11:28:32,56.54,-0.02,16,90482,卖盘
11:28:35,56.55,0.01,35,197876,中性盘
11:28:38,56.53,-0.02,31,175302,卖盘
11:28:41,56.53,0.0,12,67836,卖盘
11:28:44,56.53,0.0,19,107466,卖盘
11:28:47,56.53,0.0,4,22614,卖盘
11:28:56,56.54,0.01,3,16971,卖盘
11:28:59,56.54,0.0,14,79156,卖盘
11:29:02,56.54,0.0,12,67839,买盘
11:29:05,56.54,0.0,32,180928,卖盘
11:29:08,56.54,0.0,24,135679,买盘
11:29:11,56.52,-0.02,9,50873,卖盘
11:29:14,56.52,0.0,5,28263,卖盘
11:29:17,56.52,0.0,2,11304,卖盘
11:29:20,56.53,0.01,53,299617,买盘
11:29:23,56.51,-0.02,11,62168,卖盘
11:29:26,56.52,0.01,17,96082,买盘
11:29:29,56.53,0.01,306,1728996,买盘
11:29:32,56.49,-0.04,66,372828,卖盘
11:29:35,56.48,-0.01,13,73424,卖盘
11:29:38,56.48,0.0,7,39532,卖盘
11:29:41,56.48,0.0,25,141194,买盘
11:29:44,56.49,0.01,23,129897,买盘
11:29:47,56.49,0.0,7,39543,卖盘
11:29:50,56.5,0.01,17,96050,买盘
11:29:53,56.49,-0.01,5,28245,卖盘
11:29:56,56.49,0.0,4,22597,卖盘
11:29:59,56.49,0.0,2,11298,买盘
11:30:02,56.48,-0.01,5,28240,卖盘
13:00:02,56.49,0.01,77,434894,买盘
13:00:05,56.48,-0.01,201,1135274,中性盘
13:00:08,56.48,0.0,165,932238,卖盘
13:00:11,56.51,0.03,35,197687,中性盘
13:00:14,56.51,0.0,6,33906,卖盘
13:00:17,56.57,0.06,2,11314,中性盘
13:00:20,56.51,-0.06,6,33906,卖盘
13:00:23,56.58,0.07,3,16974,买盘
13:00:26,56.57,-0.01,2,11315,卖盘
13:00:29,56.54,-0.03,1,5654,买盘
13:00:32,56.55,0.01,30,169622,买盘
13:00:35,56.55,0.0,4,22610,买盘
13:00:38,56.55,0.0,1,5655,买盘
13:00:41,56.54,-0.01,4,22617,卖盘
13:00:44,56.59,0.05,11,62216,买盘
13:00:47,56.56,-0.03,3,16968,卖盘
13:00:50,56.57,0.01,3,16968,买盘
13:00:53,56.59,0.02,6,33944,买盘
13:00:56,56.6,0.01,13,73579,买盘
13:00:59,56.62,0.02,8,45278,买盘
13:01:02,56.6,-0.02,2,11320,中性盘
13:01:05,56.63,0.03,7,39636,买盘
13:01:08,56.65,0.02,9,50978,买盘
13:01:11,56.68,0.03,12,68005,买盘
13:01:14,56.68,0.0,16,90678,买盘
13:01:17,56.67,-0.01,3,17001,卖盘
13:01:20,56.71,0.04,9,51036,买盘
13:01:23,56.71,0.0,40,226973,买盘
13:01:29,56.75,0.04,8,45392,买盘
13:01:32,56.75,0.0,10,56738,买盘
13:01:35,56.72,-0.03,16,90791,中性盘
13:01:38,56.75,0.03,29,164505,买盘
13:01:41,56.75,0.0,5,28375,中性盘
13:01:44,56.76,0.01,17,96483,买盘
13:01:47,56.76,0.0,1,5676,卖盘
13:01:50,56.77,0.01,9,51086,买盘
13:01:53,56.72,-0.05,34,192950,卖盘
13:01:56,56.72,0.0,53,300613,卖盘
13:01:59,56.74,0.02,13,73740,买盘
13:02:02,56.7,-0.04,23,130438,卖盘
13:02:05,56.7,0.0,5,28356,卖盘
13:02:08,56.7,0.0,25,141750,卖盘
13:02:11,56.71,0.01,15,85052,买盘
13:02:14,56.7,-0.01,5,28350,中性盘
13:02:17,56.69,-0.01,14,79373,卖盘
13:02:23,56.69,0.0,5,28345,买盘
13:02:26,56.69,0.0,8,45351,买盘
13:02:29,56.68,-0.01,38,215392,卖盘
13:02:32,56.67,-0.01,11,62337,卖盘
13:02:35,56.65,-0.02,4,22663,卖盘
13:02:38,56.66,0.01,11,62324,买盘
13:02:41,56.66,0.0,2,11331,买盘
13:02:47,56.65,-0.01,18,101970,买盘
13:02:50,56.63,-0.02,2,11327,卖盘
13:02:56,56.63,0.0,12,67956,卖盘
13:02:59,56.63,0.0,5,28315,卖盘
13:03:02,56.62,-0.01,1,5662,卖盘
13:03:05,56.63,0.01,22,124586,买盘
13:03:08,56.62,-0.01,22,124584,卖盘
13:03:11,56.63,0.01,7,39641,买盘
13:03:14,56.62,-0.01,2,11324,卖盘
13:03:17,56.64,0.02,58,328457,买盘
13:03:20,56.63,-0.01,6,33981,卖盘
13:03:23,56.63,0.0,4,22652,买盘
13:03:32,56.62,-0.01,10,56634,卖盘
13:03:35,56.64,0.02,33,186908,买盘
13:03:38,56.64,0.0,7,39645,买盘
13:03:41,56.64,0.0,16,90631,中性盘
13:03:44,56.65,0.01,40,226610,买盘
13:03:47,56.65,0.0,5,28325,卖盘
13:03:50,56.65,0.0,2,11330,卖盘
13:03:56,56.65,0.0,13,73657,卖盘
13:03:59,56.67,0.02,6,33992,买盘
13:04:02,56.68,0.01,3,17004,买盘
13:04:05,56.68,0.0,9,51012,买盘
13:04:08,56.68,0.0,10,56690,买盘
13:04:11,56.7,0.02,1,5670,买盘
13:04:14,56.72,0.02,7,39701,买盘
13:04:17,56.74,0.02,2,11348,中性盘
13:04:23,56.76,0.02,20,113466,买盘
13:04:26,56.77,0.01,2,11354,买盘
13:04:29,56.78,0.01,6,34065,买盘
13:04:32,56.78,0.0,12,68128,买盘
13:04:35,56.78,0.0,20,113561,买盘
13:04:38,56.8,0.02,7,39756,买盘
13:04:41,56.79,-0.01,14,79497,买盘
13:04:44,56.78,-0.01,28,158999,卖盘
13:04:47,56.8,0.02,76,431580,买盘
13:04:50,56.81,0.01,60,340806,中性盘
13:04:53,56.83,0.02,32,181856,买盘
13:04:56,56.86,0.03,60,341114,买盘
13:04:59,56.85,-0.01,58,329848,卖盘
13:05:02,56.86,0.01,9,51177,中性盘
13:05:05,56.86,0.0,6,34129,卖盘
13:05:08,56.9,0.04,70,398299,买盘
13:05:11,56.91,0.01,43,244677,买盘
13:05:14,57.0,0.09,149,849004,买盘
13:05:17,57.01,0.01,37,210901,买盘
13:05:20,57.08,0.07,45,256738,买盘
13:05:23,57.06,-0.02,7,39954,中性盘
13:05:26,57.08,0.02,12,68518,中性盘
13:05:29,57.12,0.04,15,85661,买盘
13:05:32,57.12,0.0,74,422691,中性盘
13:05:35,57.13,0.01,150,856697,买盘
13:05:38,57.13,0.0,28,159884,买盘
13:05:41,57.11,-0.02,43,245532,买盘
13:05:44,57.15,0.04,197,1125288,买盘
13:05:47,57.11,-0.04,73,416756,中性盘
13:05:50,57.08,-0.03,29,165586,卖盘
13:05:53,57.11,0.03,81,462516,买盘
13:05:56,57.1,-0.01,23,131267,中性盘
13:05:59,57.08,-0.02,19,108479,中性盘
13:06:02,57.09,0.01,25,142701,买盘
13:06:05,57.03,-0.06,14,79901,卖盘
13:06:08,57.02,-0.01,51,291076,卖盘
13:06:11,57.01,-0.01,19,108341,卖盘
13:06:14,56.98,-0.03,16,91181,卖盘
13:06:17,56.92,-0.06,6,34157,卖盘
13:06:20,56.99,0.07,9,51279,买盘
13:06:23,57.0,0.01,14,79793,买盘
13:06:26,57.0,0.0,87,495884,买盘
13:06:29,56.99,-0.01,29,165285,卖盘
13:06:32,57.02,0.03,33,188123,买盘
13:06:35,56.99,-0.03,17,96867,买盘
13:06:38,56.99,0.0,4,22796,买盘
13:06:41,56.98,-0.01,8,45584,买盘
13:06:44,56.98,0.0,8,45587,买盘
13:06:47,56.99,0.01,6,34181,买盘
13:06:50,56.93,-0.06,22,125261,卖盘
13:06:53,56.95,0.02,2,11390,买盘
13:06:59,56.92,-0.03,20,113840,卖盘
13:07:02,56.91,-0.01,32,182151,卖盘
13:07:05,56.9,-0.01,28,159342,卖盘
13:07:08,56.9,0.0,12,68280,卖盘
13:07:11,56.9,0.0,23,130867,卖盘
13:07:14,56.89,-0.01,4,22756,卖盘
13:07:17,56.89,0.0,29,164960,卖盘
13:07:20,56.9,0.01,97,551872,买盘
13:07:23,56.89,-0.01,12,68279,卖盘
13:07:26,56.87,-0.02,5,28435,卖盘
13:07:29,56.87,0.0,2,11374,卖盘
13:07:32,56.86,-0.01,4,22745,卖盘
13:07:35,56.87,0.01,35,199044,买盘
13:07:38,56.88,0.01,41,233243,中性盘
13:07:41,56.88,0.0,8,45511,卖盘
13:07:44,56.88,0.0,18,102394,卖盘
13:07:47,56.88,0.0,11,62566,买盘
13:07:50,56.88,0.0,5,28440,买盘
13:07:56,56.88,0.0,12,68255,买盘
13:07:59,56.88,0.0,58,329872,买盘
13:08:02,56.88,0.0,8,45504,买盘
13:08:05,56.88,0.0,2,11376,卖盘
13:08:08,56.88,0.0,42,239005,卖盘
13:08:11,57.03,0.15,174,991252,买盘
13:08:14,57.09,0.06,162,924647,买盘
13:08:17,57.09,0.0,50,285490,卖盘
13:08:20,57.12,0.03,39,222700,买盘
13:08:23,57.14,0.02,15,85674,买盘
13:08:26,57.15,0.01,49,280006,买盘
13:08:29,57.17,0.02,35,200038,买盘
13:08:32,57.22,0.05,195,1115389,买盘
13:08:35,57.26,0.04,62,354978,买盘
13:08:38,57.26,0.0,37,211850,卖盘
13:08:41,57.26,0.0,113,647053,买盘
13:08:44,57.27,0.01,61,349286,买盘
13:08:47,57.29,0.02,135,773289,买盘
13:08:50,57.29,0.0,61,349479,卖盘
13:08:53,57.3,0.01,282,1615786,买盘
13:08:56,57.29,-0.01,174,997015,卖盘
13:08:59,57.34,0.05,401,2298273,买盘
13:09:02,57.33,-0.01,42,240626,买盘
13:09:05,57.3,-0.03,5,28650,中性盘
13:09:08,57.31,0.01,84,481560,中性盘
13:09:11,57.28,-0.03,70,401020,卖盘
13:09:14,57.28,0.0,28,160365,买盘
13:09:17,57.27,-0.01,51,292115,卖盘
13:09:20,57.26,-0.01,37,211884,卖盘
13:09:23,57.22,-0.04,41,234744,卖盘
13:09:26,57.25,0.03,16,91556,买盘
13:09:29,57.25,0.0,56,320568,买盘
13:09:32,57.21,-0.04,66,377726,卖盘
13:09:35,57.21,0.0,25,143076,买盘
13:09:38,57.2,-0.01,14,80085,卖盘
13:09:41,57.19,-0.01,11,62914,卖盘
13:09:44,57.2,0.01,23,131552,买盘
13:09:47,57.17,-0.03,8,45731,卖盘
13:09:50,57.15,-0.02,31,177207,卖盘
13:09:53,57.17,0.02,50,285805,买盘
13:09:56,57.19,0.02,125,714447,买盘
13:09:59,57.11,-0.08,14,79971,卖盘
13:10:02,57.11,0.0,49,279974,卖盘
13:10:05,57.11,0.0,34,194134,买盘
13:10:08,57.07,-0.04,11,62817,中性盘
13:10:11,57.17,0.1,71,405614,买盘
13:10:14,57.25,0.08,165,943759,买盘
13:10:17,57.24,-0.01,141,807329,中性盘
13:10:20,57.28,0.04,82,469605,买盘
13:10:23,57.29,0.01,13,74474,买盘
13:10:26,57.28,-0.01,146,836506,卖盘
13:10:29,57.28,0.0,32,183308,卖盘
13:10:32,57.28,0.0,137,784967,卖盘
13:10:35,57.27,-0.01,38,217656,卖盘
13:10:38,57.27,0.0,13,74458,卖盘
13:10:41,57.26,-0.01,52,297804,卖盘
13:10:44,57.26,0.0,16,91620,卖盘
13:10:47,57.22,-0.04,51,291952,卖盘
13:10:50,57.22,0.0,65,372081,卖盘
13:10:53,57.22,0.0,60,343295,买盘
13:10:56,57.2,-0.02,3,17160,卖盘
13:10:59,57.2,0.0,23,131560,卖盘
13:11:02,57.18,-0.02,59,337505,卖盘
13:11:05,57.18,0.0,12,68636,卖盘
13:11:08,57.17,-0.01,14,80051,卖盘
13:11:11,57.17,0.0,14,80048,卖盘
13:11:14,57.17,0.0,17,97189,卖盘
13:11:17,57.17,0.0,22,125785,买盘
13:11:20,57.11,-0.06,167,954242,卖盘
13:11:23,57.07,-0.04,4,22831,卖盘
13:11:26,57.1,0.03,83,473894,买盘
13:11:29,57.07,-0.03,205,1167070,卖盘
13:11:32,57.06,-0.01,26,148371,买盘
13:11:35,57.09,0.03,73,416664,买盘
13:11:38,57.1,0.01,37,211247,买盘
13:11:41,57.09,-0.01,19,108471,卖盘
13:11:44,57.09,0.0,41,234072,卖盘
13:11:47,57.08,-0.01,55,313994,卖盘
13:11:50,57.09,0.01,7,39950,买盘
13:11:53,57.08,-0.01,4,22833,中性盘
13:11:56,57.07,-0.01,36,205495,中性盘
13:11:59,57.06,-0.01,14,79901,卖盘
13:12:02,57.06,0.0,128,730690,卖盘
13:12:05,57.05,-0.01,1,5705,买盘
13:12:08,57.1,0.05,407,2322808,买盘
13:12:11,57.22,0.12,387,2210989,买盘
13:12:14,57.25,0.03,51,291941,买盘
13:12:17,57.26,0.01,17,97342,买盘
13:12:20,57.27,0.01,142,813143,买盘
13:12:23,57.28,0.01,100,572774,买盘
13:12:26,57.31,0.03,64,366745,买盘
13:12:29,57.3,-0.01,10,57303,卖盘
13:12:32,57.25,-0.05,87,498410,卖盘
13:12:35,57.28,0.03,124,709737,卖盘
13:12:38,57.28,0.0,77,441016,买盘
13:12:41,57.28,0.0,8,45814,买盘
13:12:44,57.23,-0.05,54,309295,中性盘
13:12:47,57.28,0.05,63,360864,买盘
13:12:50,57.27,-0.01,3,17178,买盘
13:12:53,57.24,-0.03,12,68688,卖盘
13:12:56,57.24,0.0,3,17171,买盘
13:12:59,57.23,-0.01,2,11447,卖盘
13:13:02,57.23,0.0,31,177415,卖盘
13:13:05,57.23,0.0,9,51508,卖盘
13:13:08,57.22,-0.01,5,28613,卖盘
13:13:11,57.22,0.0,19,108733,卖盘
13:13:14,57.24,0.02,180,1030113,买盘
13:13:17,57.21,-0.03,7,40041,买盘
13:13:20,57.21,0.0,33,188818,卖盘
13:13:23,57.21,0.0,8,45768,卖盘
13:13:26,57.24,0.03,133,761072,买盘
13:13:29,57.22,-0.02,19,108750,卖盘
13:13:32,57.24,0.02,28,160284,中性盘
13:13:35,57.25,0.01,63,360568,买盘
13:13:38,57.25,0.0,63,360773,买盘
13:13:41,57.25,0.0,25,143124,中性盘
13:13:44,57.25,0.0,18,103058,买盘
13:13:47,57.25,0.0,129,738768,卖盘
13:13:50,57.25,0.0,22,125951,卖盘
13:13:53,57.25,0.0,64,366452,卖盘
13:13:56,57.25,0.0,2,11450,买盘
13:13:59,57.29,0.04,89,509673,买盘
13:14:02,57.25,-0.04,45,257674,买盘
13:14:05,57.24,-0.01,77,440803,卖盘
13:14:08,57.27,0.03,269,1540612,买盘
13:14:11,57.24,-0.03,82,469490,卖盘
13:14:14,57.28,0.04,16,91608,买盘
13:14:17,57.28,0.0,9,51521,买盘
13:14:20,57.24,-0.04,20,114507,卖盘
13:14:23,57.27,0.03,14,80166,买盘
13:14:26,57.27,0.0,24,137448,买盘
13:14:29,57.27,0.0,24,137451,卖盘
13:14:32,57.28,0.01,7,40091,买盘
13:14:35,57.28,0.0,58,332210,买盘
13:14:38,57.31,0.03,342,1958109,买盘
13:14:41,57.35,0.04,326,1869404,买盘
13:14:44,57.39,0.04,171,981200,买盘
13:14:47,57.46,0.07,206,1182775,买盘
13:14:50,57.49,0.03,98,563259,买盘
13:14:53,57.49,0.0,147,845169,买盘
13:14:56,57.48,-0.01,8,45991,中性盘
13:14:59,57.47,-0.01,80,459894,卖盘
13:15:02,57.5,0.03,478,2748396,买盘
13:15:05,57.53,0.03,287,1650410,买盘
13:15:08,57.56,0.03,91,523696,买盘
13:15:11,57.57,0.01,175,1007524,买盘
13:15:14,57.6,0.03,22,126694,买盘
13:15:17,57.6,0.0,35,201551,买盘
13:15:20,57.61,0.01,255,1468601,买盘
13:15:23,57.62,0.01,78,449421,买盘
13:15:26,57.6,-0.02,225,1296400,卖盘
13:15:29,57.58,-0.02,105,604884,卖盘
13:15:32,57.6,0.02,114,656718,买盘
13:15:35,57.61,0.01,42,241927,卖盘
13:15:38,57.62,0.01,69,397554,买盘
13:15:41,57.62,0.0,117,674178,中性盘
13:15:44,57.62,0.0,47,270826,卖盘
13:15:47,57.62,0.0,57,328511,卖盘
13:15:50,57.62,0.0,49,282355,卖盘
13:15:53,57.75,0.13,582,3356808,买盘
13:15:56,57.75,0.0,224,1291519,买盘
13:15:59,57.78,0.03,126,727798,买盘
13:16:02,57.78,0.0,47,271591,买盘
13:16:05,57.8,0.02,468,2704984,买盘
13:16:08,57.79,-0.01,192,1109740,卖盘
13:16:11,57.79,0.0,448,2588909,卖盘
13:16:14,57.75,-0.04,132,762634,卖盘
13:16:17,57.65,-0.1,207,1195453,卖盘
13:16:20,57.65,0.0,29,167308,卖盘
13:16:23,57.64,-0.01,30,173030,卖盘
13:16:26,57.61,-0.03,37,213237,卖盘
13:16:29,57.57,-0.04,66,380143,卖盘
13:16:32,57.58,0.01,17,97881,买盘
13:16:35,57.57,-0.01,51,293631,卖盘
13:16:38,57.56,-0.01,21,120847,卖盘
13:16:41,57.51,-0.05,16,92024,卖盘
13:16:44,57.5,-0.01,61,350870,卖盘
13:16:47,57.44,-0.06,36,206961,卖盘
13:16:50,57.51,0.07,598,3438249,买盘
13:16:53,57.44,-0.07,141,810313,卖盘
13:16:56,57.45,0.01,103,592470,中性盘
13:16:59,57.44,-0.01,70,402109,卖盘
13:17:02,57.5,0.06,56,321703,买盘
13:17:05,57.59,0.09,304,1749883,买盘
13:17:08,57.62,0.03,113,650713,买盘
13:17:11,57.68,0.06,141,813005,买盘
13:17:14,57.69,0.01,64,369365,中性盘
13:17:17,57.75,0.06,84,485023,买盘
13:17:20,57.74,-0.01,213,1229916,卖盘
13:17:23,57.74,0.0,207,1193983,卖盘
13:17:26,57.69,-0.05,80,461596,中性盘
13:17:29,57.64,-0.05,165,952686,卖盘
13:17:32,57.64,0.0,115,663315,卖盘
13:17:35,57.64,0.0,52,299720,买盘
13:17:38,57.64,0.0,61,351393,买盘
13:17:41,57.63,-0.01,24,138326,买盘
13:17:44,57.65,0.02,128,737798,买盘
13:17:47,57.65,0.0,72,415145,卖盘
13:17:50,57.71,0.06,219,1262610,买盘
13:17:53,57.72,0.01,41,236620,中性盘
13:17:56,57.73,0.01,39,225146,买盘
13:17:59,57.72,-0.01,36,207818,卖盘
13:18:02,57.7,-0.02,88,507964,卖盘
13:18:05,57.68,-0.02,51,294264,卖盘
13:18:08,57.68,0.0,20,115368,卖盘
13:18:11,57.72,0.04,256,1476931,买盘
13:18:14,57.7,-0.02,19,109636,卖盘
13:18:17,57.66,-0.04,42,242298,卖盘
13:18:20,57.66,0.0,17,97999,中性盘
13:18:23,57.61,-0.05,60,345701,卖盘
13:18:26,57.57,-0.04,66,379943,卖盘
13:18:29,57.53,-0.04,13,74824,卖盘
13:18:32,57.51,-0.02,41,235851,卖盘
13:18:35,57.64,0.13,175,1007425,买盘
13:18:38,57.6,-0.04,59,340044,卖盘
13:18:41,57.64,0.04,30,172828,买盘
13:18:44,57.65,0.01,87,500963,买盘
13:18:47,57.65,0.0,331,1907170,中性盘
13:18:50,57.65,0.0,32,184500,卖盘
13:18:53,57.66,0.01,55,317074,买盘
13:18:56,57.6,-0.06,49,282451,卖盘
13:18:59,57.61,0.01,19,109531,卖盘
13:19:02,57.65,0.04,30,172870,买盘
13:19:05,57.65,0.0,27,155625,买盘
13:19:08,57.65,0.0,25,144062,买盘
13:19:11,57.63,-0.02,43,247851,卖盘
13:19:14,57.65,0.02,120,691742,买盘
13:19:17,57.6,-0.05,70,403265,卖盘
13:19:20,57.6,0.0,4,23038,买盘
13:19:23,57.6,0.0,60,345554,买盘
13:19:26,57.6,0.0,18,103670,买盘
13:19:29,57.6,0.0,66,380023,卖盘
13:19:32,57.58,-0.02,57,328206,买盘
13:19:35,57.61,0.03,232,1335072,买盘
13:19:38,57.62,0.01,62,357268,买盘
13:19:41,57.61,-0.01,33,190140,卖盘
13:19:44,57.62,0.01,45,259227,中性盘
13:19:47,57.62,0.0,20,115235,买盘
13:19:50,57.6,-0.02,50,288048,卖盘
13:19:53,57.59,-0.01,69,397439,卖盘
13:19:56,57.59,0.0,8,46078,卖盘
13:19:59,57.59,0.0,16,92145,卖盘
13:20:02,57.61,0.02,50,288001,买盘
13:20:05,57.58,-0.03,35,201531,卖盘
13:20:08,57.6,0.02,130,748732,买盘
13:20:11,57.61,0.01,232,1336508,买盘
13:20:14,57.6,-0.01,91,524074,卖盘
13:20:17,57.61,0.01,78,449286,买盘
13:20:20,57.6,-0.01,54,311043,卖盘
13:20:23,57.58,-0.02,132,761164,卖盘
13:20:26,57.61,0.03,166,954959,买盘
13:20:29,57.58,-0.03,84,483709,卖盘
13:20:32,57.58,0.0,51,293678,卖盘
13:20:35,57.59,0.01,82,472213,买盘
13:20:38,57.59,0.0,169,973326,卖盘
13:20:41,57.59,0.0,28,161259,卖盘
13:20:44,57.59,0.0,42,241878,卖盘
13:20:47,57.59,0.0,30,172773,卖盘
13:20:50,57.58,-0.01,27,155496,卖盘
13:20:53,57.59,0.01,79,454961,买盘
13:20:56,57.59,0.0,54,310982,卖盘
13:20:59,57.58,-0.01,6,34548,卖盘
13:21:02,57.58,0.0,258,1485881,卖盘
13:21:05,57.58,0.0,27,155466,卖盘
13:21:11,57.55,-0.03,60,345416,卖盘
13:21:14,57.55,0.0,172,989380,卖盘
13:21:17,57.48,-0.07,13,74748,卖盘
13:21:20,57.46,-0.02,12,68952,卖盘
13:21:23,57.47,0.01,22,126412,中性盘
13:21:26,57.45,-0.02,26,149390,卖盘
13:21:29,57.44,-0.01,8,45952,卖盘
13:21:32,57.47,0.03,209,1200866,买盘
13:21:35,57.49,0.02,117,672568,买盘
13:21:38,57.47,-0.02,33,189709,卖盘
13:21:41,57.47,0.0,39,224123,卖盘
13:21:44,57.45,-0.02,22,126408,卖盘
13:21:47,57.44,-0.01,23,132122,卖盘
13:21:50,57.44,0.0,12,68928,卖盘
13:21:53,57.43,-0.01,29,166573,卖盘
13:21:56,57.43,0.0,11,63168,卖盘
13:21:59,57.43,0.0,15,86105,买盘
13:22:02,57.39,-0.04,19,109064,卖盘
13:22:05,57.38,-0.01,26,149160,卖盘
13:22:08,57.3,-0.08,6,34416,卖盘
13:22:11,57.32,0.02,16,91711,中性盘
13:22:14,57.29,-0.03,21,120347,卖盘
13:22:17,57.3,0.01,5,28648,买盘
13:22:20,57.26,-0.04,60,343656,卖盘
13:22:23,57.24,-0.02,7,40071,卖盘
13:22:26,57.24,0.0,31,177460,卖盘
13:22:29,57.28,0.04,211,1207888,买盘
13:22:32,57.28,0.0,57,326411,买盘
13:22:35,57.26,-0.02,27,154639,卖盘
13:22:38,57.26,0.0,116,664161,卖盘
13:22:41,57.27,0.01,80,458023,买盘
13:22:44,57.24,-0.03,18,103060,卖盘
13:22:47,57.25,0.01,5,28625,买盘
13:22:50,57.24,-0.01,42,240437,卖盘
13:22:53,57.25,0.01,6,34346,中性盘
13:22:56,57.24,-0.01,58,332014,卖盘
13:22:59,57.23,-0.01,31,177416,卖盘
13:23:02,57.24,0.01,19,108756,买盘
13:23:05,57.26,0.02,67,383498,买盘
13:23:08,57.24,-0.02,18,103025,买盘
13:23:11,57.26,0.02,52,297690,买盘
13:23:14,57.24,-0.02,78,446465,卖盘
13:23:17,57.24,0.0,31,177444,买盘
13:23:20,57.22,-0.02,44,251809,卖盘
13:23:23,57.22,0.0,39,223202,卖盘
13:23:26,57.23,0.01,9,51506,中性盘
13:23:29,57.22,-0.01,61,349042,卖盘
13:23:32,57.22,0.0,95,543624,卖盘
13:23:35,57.22,0.0,39,223144,买盘
13:23:38,57.25,0.03,49,280445,买盘
13:23:41,57.21,-0.04,73,417634,卖盘
13:23:44,57.21,0.0,11,62941,卖盘
13:23:47,57.21,0.0,19,108699,卖盘
13:23:50,57.21,0.0,11,62925,卖盘
13:23:53,57.21,0.0,5,28605,买盘
13:23:56,57.21,0.0,7,40048,卖盘
13:23:59,57.21,0.0,21,120141,卖盘
13:24:02,57.2,-0.01,21,120121,卖盘
13:24:05,57.22,0.02,166,949707,买盘
13:24:08,57.24,0.02,55,314714,买盘
13:24:11,57.26,0.02,52,297716,买盘
13:24:14,57.26,0.0,152,870048,买盘
13:24:20,57.24,-0.02,25,143141,卖盘
13:24:23,57.25,0.01,32,183200,买盘
13:24:26,57.26,0.01,26,148839,买盘
13:24:29,57.28,0.02,96,549779,买盘
13:24:32,57.25,-0.03,79,452292,卖盘
13:24:35,57.29,0.04,4,22916,买盘
13:24:38,57.3,0.01,13,74474,买盘
13:24:41,57.3,0.0,4,22918,买盘
13:24:44,57.29,-0.01,20,114586,卖盘
13:24:47,57.3,0.01,23,131752,买盘
13:24:50,57.3,0.0,54,309418,买盘
13:24:53,57.3,0.0,34,194759,买盘
13:24:59,57.32,0.02,46,263604,买盘
13:25:02,57.31,-0.01,28,160444,中性盘
13:25:05,57.31,0.0,8,45848,中性盘
13:25:08,57.31,0.0,9,51579,卖盘
13:25:11,57.31,0.0,8,45858,卖盘
13:25:14,57.32,0.01,11,63044,中性盘
13:25:17,57.31,-0.01,35,200599,卖盘
13:25:20,57.31,0.0,8,45848,买盘
13:25:23,57.3,-0.01,6,34380,卖盘
13:25:29,57.3,0.0,16,91683,卖盘
13:25:32,57.3,0.0,17,97408,卖盘
13:25:35,57.31,0.01,25,143275,买盘
13:25:38,57.31,0.0,5,28655,卖盘
13:25:41,57.32,0.01,22,126103,买盘
13:25:44,57.31,-0.01,69,395440,卖盘
13:25:47,57.3,-0.01,19,108887,卖盘
13:25:50,57.3,0.0,15,85950,卖盘
13:25:53,57.3,0.0,21,120333,卖盘
13:25:56,57.3,0.0,15,85954,卖盘
13:25:59,57.3,0.0,10,57307,卖盘
13:26:02,57.3,0.0,113,647711,卖盘
13:26:05,57.31,0.01,2,11462,中性盘
13:26:08,57.33,0.02,11,63060,买盘
13:26:11,57.3,-0.03,60,343791,卖盘
13:26:14,57.3,0.0,5,28644,买盘
13:26:17,57.27,-0.03,10,57282,卖盘
13:26:20,57.27,0.0,3,17181,买盘
13:26:23,57.25,-0.02,32,183218,卖盘
13:26:26,57.3,0.05,59,337943,买盘
13:26:29,57.31,0.01,45,257851,买盘
13:26:32,57.3,-0.01,29,166170,卖盘
13:26:35,57.28,-0.02,4,22915,中性盘
13:26:38,57.29,0.01,13,74483,卖盘
13:26:41,57.29,0.0,5,28646,卖盘
13:26:44,57.29,0.0,29,166150,卖盘
13:26:47,57.3,0.01,12,68750,买盘
13:26:50,57.29,-0.01,24,137503,卖盘
13:26:53,57.29,0.0,59,338035,买盘
13:26:56,57.29,0.0,6,34374,买盘
13:26:59,57.28,-0.01,50,286443,卖盘
13:27:02,57.29,0.01,8,45825,中性盘
13:27:05,57.29,0.0,10,57287,卖盘
13:27:08,57.29,0.0,9,51561,卖盘
13:27:14,57.28,-0.01,22,125990,买盘
13:27:17,57.26,-0.02,14,80174,卖盘
13:27:23,57.3,0.04,130,744847,买盘
13:27:26,57.3,0.0,32,183329,卖盘
13:27:32,57.26,-0.04,15,85904,卖盘
13:27:38,57.28,0.02,1,5728,卖盘
13:27:41,57.27,-0.01,9,51548,卖盘
13:27:44,57.27,0.0,2,11454,卖盘
13:27:47,57.26,-0.01,27,154642,卖盘
13:27:50,57.27,0.01,16,91632,卖盘
13:27:53,57.3,0.03,69,395297,买盘
13:27:56,57.3,0.0,21,120330,卖盘
13:27:59,57.3,0.0,4,22920,卖盘
13:28:02,57.3,0.0,23,131775,卖盘
13:28:05,57.3,0.0,6,34374,买盘
13:28:08,57.27,-0.03,10,57284,卖盘
13:28:17,57.27,0.0,36,206175,卖盘
13:28:20,57.26,-0.01,2,11452,卖盘
13:28:23,57.26,0.0,32,183232,卖盘
13:28:26,57.25,-0.01,28,160306,卖盘
13:28:29,57.26,0.01,18,103072,买盘
13:28:32,57.26,0.0,15,85880,中性盘
13:28:35,57.26,0.0,1,5726,卖盘
13:28:38,57.25,-0.01,19,108780,卖盘
13:28:41,57.25,0.0,51,291975,卖盘
13:28:44,57.25,0.0,37,211825,卖盘
13:28:47,57.25,0.0,103,589876,卖盘
13:28:50,57.26,0.01,17,97327,买盘
13:28:53,57.3,0.04,98,561312,买盘
13:28:56,57.25,-0.05,8,45810,中性盘
13:28:59,57.25,0.0,761,4347097,买盘
13:29:02,57.25,0.0,11,62971,买盘
13:29:05,57.25,0.0,6,34350,卖盘
13:29:08,57.25,0.0,12,68701,卖盘
13:29:11,57.25,0.0,31,177475,卖盘
13:29:14,57.25,0.0,36,206101,卖盘
13:29:17,57.25,0.0,7,40078,卖盘
13:29:20,57.24,-0.01,11,62966,卖盘
13:29:23,57.21,-0.03,116,664278,卖盘
13:29:26,57.25,0.04,1,5725,买盘
13:29:29,57.21,-0.04,6,34326,卖盘
13:29:32,57.25,0.04,31,177371,买盘
13:29:35,57.25,0.0,4,22900,买盘
13:29:38,57.23,-0.02,20,114459,卖盘
13:29:41,57.21,-0.02,24,137318,卖盘
13:29:44,57.2,-0.01,33,188805,卖盘
13:29:47,57.21,0.01,7,40047,卖盘
13:29:50,57.21,0.0,15,85816,卖盘
13:29:53,57.2,-0.01,23,131572,卖盘
13:29:59,57.21,0.01,6,34326,买盘
13:30:02,57.2,-0.01,25,143009,卖盘
13:30:05,57.19,-0.01,42,240210,卖盘
13:30:08,57.13,-0.06,18,102846,卖盘
13:30:11,57.19,0.06,16,91422,买盘
13:30:14,57.14,-0.05,9,51431,卖盘
13:30:17,57.2,0.06,41,234472,买盘
13:30:20,57.14,-0.06,20,114286,卖盘
13:30:23,57.15,0.01,9,51441,卖盘
13:30:26,57.14,-0.01,11,62862,卖盘
13:30:29,57.15,0.01,24,137201,买盘
13:30:32,57.18,0.03,3,17154,卖盘
13:30:35,57.18,0.0,27,154386,卖盘
13:30:41,57.17,-0.01,38,217279,卖盘
13:30:44,57.18,0.01,67,383162,买盘
13:30:47,57.22,0.04,43,245979,买盘
13:30:50,57.24,0.02,33,188892,买盘
13:30:53,57.24,0.0,31,177469,卖盘
13:30:56,57.24,0.0,1,5724,卖盘
13:30:59,57.25,0.01,2,11450,卖盘
13:31:02,57.26,0.01,16,91617,卖盘
13:31:08,57.26,0.0,10,57264,卖盘
13:31:11,57.27,0.01,5,28635,买盘
13:31:14,57.29,0.02,6,34369,买盘
13:31:17,57.28,-0.01,18,103103,卖盘
13:31:20,57.29,0.01,18,103112,买盘
13:31:23,57.28,-0.01,29,166153,卖盘
13:31:26,57.28,0.0,27,154655,买盘
13:31:29,57.28,0.0,30,171839,买盘
13:31:32,57.27,-0.01,16,91654,卖盘
13:31:35,57.28,0.01,21,120295,中性盘
13:31:41,57.29,0.01,12,68732,买盘
13:31:44,57.28,-0.01,17,97385,卖盘
13:31:47,57.3,0.02,21,120305,买盘
13:31:50,57.33,0.03,21,120360,买盘
13:31:53,57.35,0.02,119,682313,买盘
13:31:56,57.39,0.04,32,183598,买盘
13:31:59,57.4,0.01,50,286973,买盘
13:32:02,57.41,0.01,33,189447,买盘
13:32:05,57.43,0.02,20,114851,买盘
13:32:08,57.44,0.01,52,298650,买盘
13:32:11,57.45,0.01,38,218278,买盘
13:32:14,57.48,0.03,38,218399,买盘
13:32:17,57.5,0.02,86,494470,买盘
13:32:20,57.49,-0.01,81,465644,卖盘
13:32:23,57.5,0.01,43,247238,买盘
13:32:26,57.5,0.0,42,241471,买盘
13:32:29,57.52,0.02,53,304744,买盘
13:32:32,57.54,0.02,12,69041,买盘
13:32:35,57.51,-0.03,40,230031,卖盘
13:32:38,57.54,0.03,61,350964,买盘
13:32:41,57.54,0.0,11,63300,卖盘
13:32:44,57.55,0.01,88,509222,中性盘
13:32:47,57.56,0.01,31,178445,中性盘
13:32:50,57.56,0.0,12,69074,卖盘
13:32:53,57.57,0.01,68,391425,买盘
13:32:56,57.57,0.0,41,236028,买盘
13:32:59,57.55,-0.02,69,399501,卖盘
13:33:02,57.58,0.03,101,581554,买盘
13:33:05,57.56,-0.02,13,74827,卖盘
13:33:08,57.58,0.02,19,109370,买盘
13:33:14,57.55,-0.03,43,247515,卖盘
13:33:17,57.56,0.01,58,333926,买盘
13:33:20,57.57,0.01,34,195723,买盘
13:33:23,57.57,0.0,37,213009,卖盘
13:33:26,57.55,-0.02,286,1646448,卖盘
13:33:29,57.55,0.0,19,109318,买盘
13:33:32,57.55,0.0,5,28766,买盘
13:33:35,57.52,-0.03,28,161100,卖盘
13:33:38,57.53,0.01,113,650369,中性盘
13:33:41,57.52,-0.01,21,120818,卖盘
13:33:44,57.52,0.0,25,143825,卖盘
13:33:47,57.53,0.01,64,368267,卖盘
13:33:50,57.54,0.01,37,212869,中性盘
13:33:53,57.54,0.0,27,155388,卖盘
13:33:56,57.54,0.0,16,92085,卖盘
13:33:59,57.55,0.01,30,172656,卖盘
13:34:02,57.57,0.02,90,518130,买盘
13:34:05,57.57,0.0,20,115140,卖盘
13:34:08,57.58,0.01,40,230290,买盘
13:34:11,57.57,-0.01,57,328166,卖盘
13:34:14,57.57,0.0,84,483559,卖盘
13:34:17,57.57,0.0,44,253283,买盘
13:34:20,57.56,-0.01,117,673650,卖盘
13:34:23,57.57,0.01,38,218764,买盘
13:34:26,57.65,0.08,522,3006956,买盘
13:34:29,57.58,-0.07,252,1452021,卖盘
13:34:32,57.67,0.09,17,97976,买盘
13:34:35,57.67,0.0,24,138400,买盘
13:34:38,57.67,0.0,42,242220,卖盘
13:34:41,57.67,0.0,45,259532,买盘
13:34:44,57.66,-0.01,20,115325,卖盘
13:34:47,57.67,0.01,9,51897,买盘
13:34:50,57.66,-0.01,34,196067,卖盘
13:34:53,57.66,0.0,71,409420,卖盘
13:34:56,57.66,0.0,38,219067,卖盘
13:34:59,57.65,-0.01,56,322957,中性盘
13:35:02,57.66,0.01,27,155557,买盘
13:35:05,57.6,-0.06,45,259171,中性盘
13:35:08,57.66,0.06,80,461268,买盘
13:35:11,57.67,0.01,44,253706,买盘
13:35:14,57.66,-0.01,47,270949,卖盘
13:35:17,57.66,0.0,4,23064,买盘
13:35:20,57.66,0.0,40,230623,买盘
13:35:23,57.6,-0.06,49,282288,卖盘
13:35:26,57.66,0.06,28,161386,买盘
13:35:29,57.66,0.0,79,455491,买盘
